3240 5328
628 427 692 496 231

128 603 221 682 haec,
251 627 335 692 quas
356 609 482 672 intrant
501 609 536 673 in
557 605 720 684 homines,
748 619 789 672 ut
817 607 940 674 faciant
966 629 1022 676 eos
1051 608 1200 697 ιπιθυμιιι

129 731 161 784 et
190 747 346 805 πορνιυιιν,
375 734 415 784 ut
444 724 650 786 committant
679 719 854 798 adulteria,
884 735 923 786 ut
951 725 1016 788 sint
1045 723 1199 792 facientes

128 859 284 899 συνουσιιιν
308 833 503 900 constanter.
548 845 657 917 Ψυχιιι
679 838 787 922 igitur,
818 859 899 922 quas
923 835 1051 902 auferet
1073 864 1199 922 crepere·

126 971 192 1030 μως
213 946 265 1011 hie
288 974 401 1032 αρχωι,
425 961 522 1012 munt
544 961 675 1014 centum
697 951 830 1036 triginta
853 962 927 1015 octo
948 973 1051 1016 annos
1073 953 1108 1014 in
1131 953 1199 1016 eius

90 1079 103 1116 θ
127 1085 232 1137 sontes,
253 1060 471 1147 βασανιζιντων
495 1083 550 1126 cas
572 1065 666 1126 istius
682 1060 837 1145 darnouwe
860 1085 920 1129 suo
944 1062 1037 1130 fumo
1059 1063 1200 1132 obscuro

127 1187 159 1240 et
181 1195 242 1240 suo
266 1173 384 1241 ardore
406 1201 532 1262 τονηρῳ,
555 1188 594 1240 ut
617 1173 761 1264 αρξωντιιι
782 1175 997 1242 acommodata
1025 1190 1058 1242 et
1083 1180 1200 1266 perire.

126 1287 198 1352 Fiet
219 1291 327 1374 igitur,
354 1311 457 1374 quum
480 1298 602 1374 opopa
625 1310 783 1355 conversa
806 1291 861 1367 sit,
884 1303 923 1354 ut
945 1293 1056 1355 veniat
1076 1312 1200 1379 parvus

127 1399 274 1465 Sabadth
301 1401 429 1488 αγαθος,
458 1404 514 1488 qui
543 1402 706 1490 (pertinet)
737 1401 777 1466 ad
805 1429 906 1485 μισον,
937 1426 1036 1490 quem
1063 1418 1199 1470 vocant:
1237 1399 1314 1475 370

126 1523 203 1590 Δια,
232 1537 337 1601 quum
358 1518 486 1582 'venerit
508 1516 550 1580 ad
577 1539 702 1583 nonum
726 1543 819 1583 ιιιωιιι
841 1526 991 1602 coepes,
1019 1539 1118 1604 quem
1139 1540 1200 1584 vo·

76 1648 102 1688 ro
128 1641 204 1694 cent
225 1625 361 1717 Διξιτην,
385 1643 419 1694 et
439 1631 623 1706 Βιυβιιστις,
648 1653 748 1716 quam
770 1643 892 1695 vocant
912 1631 947 1694 in
969 1655 1076 1717 κισμῳ
1097 1639 1201 1718 Αῲρι-
1405 1713 1413 1728 ι

128 1740 214 1820 dms,
233 1746 360 1808 venerit
382 1743 424 1808 ad
446 1747 580 1809 tertium
596 1771 697 1821 seuva,
721 1767 821 1830 quem
835 1756 956 1810 vocant
969 1740 1112 1825 Διδὶιμιν,
1133 1757 1201 1810 tra-
1230 1759 1257 1832 χ
1287 1693 1487 1834 Onu-,wi
1525 1769 1533 1782 ⁸

127 1858 208 1922 hent
236 1883 516 1940 καταπετασμιιτιι,
546 1879 629 1943 quae
652 1861 736 1924 inter
757 1859 819 1924 hos
854 1861 912 1944 qui
941 1857 1128 1945 (pertinent)
1159 1857 1202 1924 ad
1292 1812 1331 2016 ᾗ

129 1974 296 2037 sinistram
318 1984 352 2036 et
375 1970 538 2048 dextram,
566 1974 742 2058 prospiciet
763 1972 927 2059 Ζαραζιιζ,
957 1993 1056 2058 quem
1081 1985 1202 2039 vocant

1265 699 1288 754 A<
1361 777 1369 788 .

128 2111 272 2172 αρχοντες
293 2087 425 2150 nomine
448 2109 591 2168 αρχιιτις
613 2083 707 2150 fortis
730 2107 867 2150 suorum
891 2108 1000 2152 τοπωνι
1028 2095 1201 2165 Momm,

77 2220 103 2260 ιι
131 2213 165 2264 et
194 2201 370 2286 prospiciet
391 2202 426 2262 in
455 2197 640 2263 habitacula
661 2196 846 2283 Hapedpuves
869 2208 1029 2287 Τυφωνοι,
1064 2214 1103 2266 ut
1131 2203 1200 2268 eius

128 2339 210 2380 τοποι
233 2311 381 2378 solvendi
395 2325 546 2400 pereant,
570 2325 607 2377 ut
629 2311 813 2378 auferentes
828 2311 945 2402 ψυχας
964 2334 1091 2392 omnes,
1116 2336 1201 2401 quae

126 2429 161 2490 in
184 2430 252 2492 eius
267 2439 422 2503 κολωσεσι,
442 2430 588 2494 reiiciant
611 2431 714 2493 casin
730 2437 864 2514 σφαιριιν
881 2427 983 2492 altera
997 2431 1076 2504 viee,
1099 2448 1201 2514 prop·

126 2554 217 2607 terea
241 2540 331 2626 quod
355 2539 509 2606 deficiunt
532 2543 601 2606 eius
629 2541 722 2607 fumo
753 2540 892 2606 obscuro
923 2553 956 2606 et
985 2543 1054 2606 eius
1083 2538 1203 2606 ardore

127 2681 248 2742 πινηρῳ.
293 2663 393 2721 nean
416 2658 536 2720 iterum
558 2677 695 2741 pergens
717 2658 752 2720 in
774 2677 926 2721 sermone
948 2653 1029 2720 dixit
1052 2656 1118 2720 suis
1133 2680 1200 2740 ne-

75 2791 101 2830 se
129 2769 239 2843 θητωιιι
275 2771 407 2855 quintae
437 2764 549 2856 ταξιως
575 2791 712 2849 ιιρχιντιι
744 2781 866 2830 vocant
892 2769 1108 2851 Ιιιχθιινιιβιις,
1146 2771 1202 2855 qui

128 2909 233 2970 ιρχων
257 2883 352 2948 fortis
376 2894 435 2957 est,
457 2879 581 2946 habens
605 2878 666 2943 sub
690 2901 725 2944 se
748 2878 811 2944 alia
831 2879 936 2944 muita
951 2877 1099 2964 despecta.
1136 2879 1204 2944 Ista

129 3011 219 3074 sunt,
249 3019 333 3084 quae
355 2998 479 3060 intrant
501 2997 534 3058 in
555 2994 718 3070 homines,
741 3005 780 3058 ut
801 2991 924 3058 faciant
946 3013 1002 3057 eos
1026 3011 1096 3056 esse
1119 2993 1201 3056 acci·

127 3116 253 3198 pientes
275 3132 466 3199 personam,
497 3107 670 3179 nitescente
694 3105 824 3178 διιιιιιους
854 3119 887 3172 et
913 3108 1105 3192 accipientes
1127 3123 1202 3192 per·

129 3249 246 3292 sonam
275 3237 502 3312 peccatorum,
539 3235 704 3287 sumentes
735 3218 821 3306 iopen
857 3220 1013 3286 adversus
1046 3219 1204 3286 iudicium

75 3363 102 3404 ιι
128 3361 261 3416 verum,
289 3351 535 3425 corrumpentes
558 3335 607 3413 id,
631 3335 857 3400 obliviscentes
878 3335 1015 3410 horum,
1043 3337 1100 3422 qui
1120 3355 1203 3421 peu·

129 3477 224 3545 peres
247 3467 280 3520 et
299 3452 490 3539 indigentes,
513 3463 667 3537 augentes
685 3448 883 3515 oblivionem
897 3446 1045 3537 ψυχωνιι
1068 3455 1203 3514 suarum

130 3584 164 3637 et
186 3591 298 3635 curam
321 3568 455 3643 horum,
485 3568 520 3630 in
543 3565 661 3651 quibem
684 3564 812 3630 nullum
839 3563 983 3642 lucrum,
1013 3583 1056 3628 ne
1082 3561 1205 3628 faciant
1241 3555 1313 3635 371

128 3683 390 3750 recordationem
411 3684 500 3747 vitae
528 3702 622 3758 suae,
652 3692 704 3755 ut,
736 3701 839 3766 quum
868 3680 988 3766 egressi
1009 3680 1075 3744 sint
1103 3699 1203 3744 ecn-

131 3823 225 3884 ματι,
254 3793 445 3859 auferantur
466 3819 650 3878 superenne.
695 3803 804 3877 Ψυχαι
827 3795 940 3878 igitur,
971 3809 1053 3875 quas
1076 3787 1205 3853 auferet

76 3931 104 3972 sc
132 3931 310 3995 περισιμως
331 3905 383 3970 hic
406 3931 518 3991 αρχων,
542 3919 639 3972 erunt
658 3909 693 3970 in
716 3909 784 3972 eius
803 3917 948 3970 κολωσισι
963 3913 1094 3967 centum
1110 3903 1205 3987 quin·

134 4024 290 4113 quaginta
312 4042 414 4085 annos
438 4033 471 4086 et
493 4033 568 4086 octo
591 4041 729 4086 menses.
772 4020 845 4086 Erit
870 4029 1039 4086 aventem
1061 4036 1118 4080 cos
1142 4035 1202 4082 suo

133 4139 227 4206 fumo
252 4135 390 4203 obscuro
415 4149 447 4202 et
470 4157 530 4202 suo
554 4134 673 4202 ardore
687 4161 807 4222 πονηρῳ,
829 4132 986 4212 desfosses
1008 4150 1043 4194 se
1062 4130 1205 4196 maxime

1233 3080 1253 3130 δι

216 4369 267 4430 11.
288 4389 376 4427 estve
396 4365 474 4446 (aas.
495 4364 672 4451 „campas”
693 4363 743 4443 r.)
795 4358 845 4422 oe.
867 4357 905 4422 cs.
924 4337 1025 4438 {aa
1048 4359 1081 4422 s.
