3254 5340
910 445 977 514 122

405 641 439 698 et
464 649 572 696 nonus
599 651 707 713 comp,
736 626 793 713 qni
821 621 909 692 idem
938 636 989 692 est
1018 649 1112 712 rmrp
1134 624 1290 714 προβολω
1320 620 1485 690 secundae

406 744 532 811 arboris
555 741 699 828 insomni
722 739 863 817 luminis,
886 743 949 805 erit
969 743 1004 805 in
1022 765 1104 828 τοπῳ
1122 737 1239 828 riom
1255 741 1485 826 accipientium

405 880 532 924 nonum
558 883 714 944 μυστηριον
736 857 834 958 primi
860 880 1022 942 promptos
1045 857 1080 918 in
1107 866 1313 938 κληρονομιιις
1335 853 1483 931 luminis3

408 986 441 1039 et
468 973 611 1038 decimus
641 996 751 1053 σωτηρ,
783 972 839 1055 qui
867 968 955 1033 idem
986 981 1038 1033 est
1065 993 1159 1053 σωτηρ
1181 969 1336 1054 προβολωι
1367 970 1486 1032 tertiae

406 1086 532 1151 arboris
556 1086 700 1168 iareopso
723 1083 864 1158 luminis,
888 1085 950 1147 erit
970 1085 1005 1146 in
1020 1107 1102 1168 τοπῳ
1121 1081 1238 1170 ψυχων
1254 1083 1484 1169 accipientium
1518 1104 1529 1142 s

407 1199 570 1264 decimum
592 1223 749 1282 ttwrnprrr
770 1199 867 1283 primi
882 1223 1043 1283 μυστηρωυ
1058 1200 1092 1260 in
1110 1211 1316 1282 κληρονομιαις
1336 1195 1486 1273 lumini53

407 1315 512 1397 ipsso:
536 1335 668 1398 quoqne
691 1310 881 1376 undecimus
904 1336 1007 1397 σωτηρ,
1032 1314 1087 1398 qui
1107 1310 1195 1376 idem
1210 1324 1261 1376 est
1274 1335 1367 1392 σωτηρ
1385 1331 1485 1395 quar-

405 1439 460 1490 tae
491 1425 616 1490 arboris
647 1426 794 1509 irrenpsv
823 1425 970 1501 luminis,
1007 1427 1068 1490 erit
1094 1429 1127 1488 in
1156 1452 1239 1512 τυπῳ
1259 1422 1378 1512 sproxton
1400 1425 1485 1486 acei-

406 1542 567 1628 pientium
587 1539 799 1604 undecimum
824 1565 980 1620 μυστηριον
1006 1541 1103 1626 primi
1129 1565 1291 1622 μυστηρωυ
1320 1541 1354 1602 in
1376 1551 1485 1618 κλημ-

408 1681 523 1737 νομιωις
543 1653 686 1730 luminis,
710 1667 742 1719 et
766 1652 978 1718 duodecimus
1001 1679 1112 1732 σωτηρ,
1140 1656 1197 1739 qui
1219 1652 1306 1718 idem
1323 1665 1374 1717 est
1388 1677 1484 1736 cmm
1508 1674 1530 1714 r

407 1770 563 1854 προβολων
587 1771 718 1856 quintae
749 1767 875 1832 arboris
899 1767 1044 1850 inroopm
1070 1767 1216 1844 luminis,
1254 1770 1316 1832 erit
1345 1769 1380 1831 in
1402 1793 1487 1853 rorrp

408 1881 525 1970 ψυχων
541 1885 767 1971 accipientium
783 1881 1012 1946 duodecimum
1028 1907 1184 1964 μυστηριον
1204 1883 1300 1968 primi
1321 1861 1488 1966 μυῖτηριου

297 1985 369 2058 19⁵2
408 1999 443 2062 in
470 2013 676 2080 anapavorsmt
705 1997 852 2074 luminis3
887 2009 920 2060 et
950 1999 1126 2083 septimum
1159 2000 1241 2078 ἀμην
1277 2008 1310 2060 et
1339 1998 1489 2081 quinque

411 2111 544 2176 arbores
568 2125 601 2176 et
623 2113 686 2175 tria
708 2115 790 2191 ἀμην
813 2123 910 2174 erunt
932 2109 975 2174 ad
1005 2110 1154 2174 dettram
1182 2109 1274 2185 mihi,
1309 2113 1488 2174 existentes

408 2245 500 2310 reges
523 2226 557 2286 in
580 2237 785 2306 κληρονομιαις
807 2223 954 2299 luminis,
983 2235 1017 2288 et
1038 2247 1146 2308 comp:
1170 2226 1302 2311 gemini,
1326 2226 1381 2309 qni
1407 2236 1487 2286 sunt
1510 2245 1533 2285 r

408 2359 491 2426 puer
513 2339 622 2424 pueri,
646 2349 745 2422 atque
768 2339 868 2401 etiam
890 2360 1011 2403 novem
1035 2350 1175 2423 poteras
1197 2337 1377 2404 manebunt
1400 2359 1488 2423 quo·

410 2473 474 2537 qne
498 2450 540 2514 ad
568 2453 730 2514 sinistram
761 2451 854 2527 mihi,
888 2455 1062 2518 existentes
1092 2473 1185 2540 reges
1214 2455 1249 2516 in
1278 2467 1489 2533 κλημονομιικ

409 2563 554 2640 luminis,
591 2577 625 2628 et
653 2567 877 2651 unusquisque
908 2591 1039 2650 σωτηρων
1075 2569 1137 2632 erit
1169 2589 1228 2632 rex
1259 2588 1356 2653 snper
1385 2563 1491 2652 τιξεις

410 2700 545 2742 suarum
568 2677 721 2759 τροβολων
744 2680 778 2740 in
801 2693 1006 2764 κληρονομιαις
1027 2681 1172 2758 luminis,
1197 2684 1279 2745 sicut
1301 2692 1379 2744 sunt
1400 2702 1489 2767 quo-

410 2793 530 2878 quein
554 2790 857 2879 &rsoppluminim
891 2807 924 2859 et
950 2817 1070 2859 novem
1098 2805 1240 2882 φυλωκκ
1265 2794 1410 2877 castaneo
1434 2794 1487 2858 lu·
1511 2817 1535 2858 e

410 2907 504 2970 minis
532 2920 628 2970 erunt
655 2911 909 2994 praestantiores
938 2931 1037 2995 quam
1067 2935 1190 2992 rsrrprr
1216 2912 1251 2974 in
1276 2924 1489 2994 κληρονομιιις

409 3020 555 3096 luminis,
580 3033 678 3107 atque
702 3025 820 3108 gemini
843 3047 965 3107 σωτηρες
988 3037 1084 3087 erunt
1106 3027 1362 3112 praestantiores
1384 3045 1489 3108 quam

408 3156 530 3198 novem
554 3142 695 3221 φυλωκες
722 3138 756 3198 in
777 3157 895 3222 regno,
930 3150 962 3200 et
989 3140 1053 3201 tria
1079 3141 1161 3219 ἀμην
1190 3152 1287 3202 erunt
1313 3151 1487 3225 praestan-

409 3249 495 3312 tiora
518 3271 617 3334 quam
641 3251 760 3336 gemini
783 3276 905 3334 σωτηρες
929 3253 964 3314 in
985 3272 1097 3338 regno,
1127 3264 1160 3316 et
1183 3254 1326 3338 quinque
1348 3250 1488 3316 arbores

411 3374 508 3425 erunt
529 3367 784 3447 praestantiores
808 3385 908 3449 quam
936 3368 999 3428 tria
1028 3370 1109 3450 ἀμην
1135 3367 1170 3430 in
1199 3377 1406 3448 κληρονομιαις
1433 3365 1486 3428 ln-
1511 3387 1535 3428 n

330 3467 368 3532 ³<
408 3475 519 3548 minis;
544 3488 576 3537 et
597 3475 655 3538 leri
678 3489 712 3539 et
735 3475 846 3565 φυλαξ
867 3505 1146 3560 reremaneret
1167 3484 1276 3567 magni
1296 3480 1430 3544 luminis
1453 3493 1490 3544 et

409 3599 663 3667 παρωλημπτορις
702 3587 833 3653 luminis
874 3603 908 3654 et
944 3596 1055 3679 magni
1092 3594 1158 3658 duo
1194 3621 1406 3680 προηγουμινοι
1452 3607 1489 3657 et

409 3717 547 3783 magnus
563 3697 710 3762 Sabaoth
733 3701 847 3786 aptior
871 3719 968 3769 erunt
990 3729 1081 3794 reges
1104 3710 1139 3771 in
1159 3711 1268 3797 primo
1290 3733 1394 3790 serape
1417 3707 1488 3794 pri·

298 3805 370 3879 193
409 3835 482 3877 mae
507 3822 604 3897 φωνης
626 3811 770 3898 θησαυρου
794 3815 940 3896 luminis,
964 3823 1021 3906 qui
1037 3823 1099 3886 erit
1112 3825 1146 3885 in
1161 3849 1242 3909 τοπῳ
1257 3825 1488 3909 accipientium

407 3931 550 4015 primum
578 3955 737 4015 μυστηριον
766 3934 862 4018 primi
891 3960 1070 4012 μυστηριου,
1101 3949 1276 4024 propterea
1305 3935 1395 4022 quod
1423 3963 1487 4022 γιρ
1510 3957 1535 3998 a

408 4039 466 4106 leti
489 4057 523 4110 et
545 4041 657 4134 φυλιξ
676 4071 767 4112 soros
791 4046 910 4112 horum
932 4051 987 4134 qui
1011 4050 1196 4136 (pertinent)
1221 4050 1263 4115 ad
1279 4049 1429 4115 dextram
1453 4063 1490 4114 et

491 4283 543 4344 1³.
564 4288 725 4367 septimum
746 4289 828 4364 ἄμην.
872 4293 1040 4361 Secundum
1061 4307 1235 4356 corrector:
1264 4307 1378 4376 septem
1399 4294 1485 4367 ἄμην.

410 4381 460 4444 15.
481 4407 583 4472 compr
598 4391 712 4471 gemini
726 4395 862 4480 (campas
875 4395 1008 4478 geminii
1023 4393 1061 4458 cf.
1075 4416 1165 4476 supra
1176 4396 1242 4474 M.
1257 4417 1288 4478 p.
1300 4397 1332 4476 2,
1347 4394 1368 4456 i.
1380 4395 1421 4456 22
1431 4397 1487 4476 P.)
