3296 5354
970 462 1015 530 78

456 647 586 733 gavisus
609 663 644 708 es
667 655 701 708 ει
723 639 845 707 dixisti:
869 639 926 706 ubi
949 654 1013 718 est,
1035 654 1075 707 ut
1096 640 1227 707 videam
1249 641 1352 720 illum,
1376 643 1528 731 alioquin,

456 757 651 846 exspectabo
676 779 751 822 eum
774 759 809 819 in
830 756 893 820 hoc
914 782 1006 843 τοπῳ.
1051 755 1190 820 Factum
1213 754 1244 822 ds
1267 770 1330 833 est,
1355 779 1460 843 quum
1478 756 1528 822 lo·

456 873 576 959 sephus
600 870 744 936 audisset
765 885 800 935 ιε
823 870 984 935 dicentem
1007 869 1086 934 haec
1109 870 1223 946 verba,
1245 870 1459 957 perturbatus
1483 885 1529 936 est

345 977 412 1048 121
456 999 490 1051 et
518 989 683 1051 venientes
715 985 828 1060 simul,
863 987 1057 1048 intravimus
1092 987 1127 1047 in
1157 983 1311 1060 domum,
1348 987 1528 1050 invenimus

454 1127 576 1186 πνιυμιι
599 1100 758 1184 illigatum
785 1101 820 1162 in
849 1097 954 1163 cubile
982 1111 1081 1184 atque
1108 1100 1217 1160 intuiti
1240 1119 1353 1162 sumus
1380 1100 1414 1162 in
1443 1112 1476 1163 te
1498 1113 1529 1164 ει
1553 1123 1565 1162 ι

454 1212 536 1277 illud
559 1215 619 1299 (pr.
643 1233 717 1275 cum
740 1212 825 1296 illo),
853 1214 1036 1276 invenimus
1059 1225 1092 1276 ιε
1116 1212 1253 1276 similem
1283 1215 1326 1288 ei,
1355 1225 1455 1298 atque
1477 1235 1527 1278 so·

453 1326 562 1390 lutum
585 1338 635 1390 cst
658 1325 747 1410 quod
770 1328 915 1389 vinctum
931 1326 986 1412 (sc.
1003 1325 1084 1410 erat)
1101 1325 1143 1388 ad
1158 1323 1274 1401 cubile,
1295 1338 1328 1388 et
1343 1325 1528 1413 amplexum

452 1451 487 1503 te
517 1439 699 1504 osculatum
724 1438 868 1514 esttibi,
898 1453 997 1526 atque
1020 1453 1058 1503 tu
1082 1461 1215 1524 quoque
1239 1439 1402 1504 osculatus
1428 1461 1462 1505 es
1485 1444 1524 1517 ei,

453 1552 561 1618 fuistis
591 1575 686 1617 unus.
737 1552 810 1617 lioc
844 1554 942 1638 igitur
979 1566 1028 1617 est
1056 1551 1196 1616 verbum
1230 1555 1365 1638 eiusque
1395 1553 1525 1618 solutio:

452 1666 675 1731 misericordia
699 1680 732 1730 et
753 1692 883 1750 πνευμιι,
907 1665 996 1752 quod
1011 1669 1101 1730 venit
1124 1687 1164 1730 ex
1186 1665 1355 1730 altitudine
1379 1690 1400 1731 a
1422 1671 1524 1755 primo
1550 1693 1570 1734 a

451 1805 614 1867 μυστηριῳ,
638 1780 728 1866 quod
751 1783 810 1845 ivit
825 1778 867 1843 ad
883 1805 962 1868 γενος
978 1780 1157 1854 homimun,
1180 1781 1269 1844 misit
1288 1802 1386 1844 auum
1400 1808 1526 1864 πνιυμε,

451 1907 491 1958 ιιι
513 1897 694 1960 remitteret
714 1907 849 1982 peccata
870 1919 987 1974 κισμιυ
1010 1895 1122 1968 totius,
1145 1906 1178 1956 ει
1198 1907 1236 1957 ιιι
1251 1897 1435 1981 acciperent
1448 1921 1525 1978 μυε-

451 2033 542 2094 mcccv
565 2022 599 2073 et
626 2020 864 2092 κληρονομησωσι
892 2029 1029 2094 regnum
1056 2007 1196 2071 luminis.
1237 2007 1367 2074 Veritas
1396 2031 1525 2096 quoque

392 2129 416 2180 δε
451 2134 503 2186 est
523 2125 582 2196 vis,
610 2143 694 2206 quae
716 2121 913 2185 inhabitavit
934 2122 1014 2184 milri
1038 2142 1185 2207 egressae
1208 2143 1227 2185 ε
1249 2121 1416 2209 (lapidato,
1440 2123 1525 2188 facta

451 2246 502 2298 est
531 2234 585 2320 (sc.
608 2235 741 2318 veritas)
764 2261 857 2318 σωμε
876 2239 977 2300 cimaco
1001 2248 1035 2299 et
1056 2232 1188 2322 εκηρυξεν
1210 2237 1246 2298 in
1271 2261 1352 2322 τεπῳ
1378 2237 1524 2310 odardum.
1550 2262 1572 2301 ra

450 2354 628 2421 Amazonum
653 2359 703 2411 est
725 2361 821 2412 tuum
843 2374 977 2432 πνευμε,
1006 2348 1095 2434 quod
1122 2349 1198 2412 tulit
1219 2375 1369 2432 μυστηριε
1393 2373 1433 2416 ex
1454 2351 1524 2415 alu·-

450 2461 580 2537 tudine‚
612 2473 651 2523 ut
674 2460 766 2524 daret
790 2483 828 2526 ca
851 2487 924 2546 γενει
954 2462 1134 2527 hominum.
1184 2473 1284 2549 Ειρηνη
1316 2485 1448 2551 quoque
1478 2479 1526 2530 est

395 2610 412 2646 a
449 2577 509 2651 vis,
534 2595 618 2660 quac
641 2573 799 2638 habitavit
813 2578 848 2638 in
861 2589 920 2639 tuo
937 2601 1057 2659 σωμετι
1075 2580 1172 2663 ὐλικῳ
1192 2603 1274 2644 κατε
1293 2603 1413 2660 aoruca,
1436 2579 1526 2665 quod

347 2767 357 2782 ,
450 2687 596 2765 ιβεπτισε
615 2713 695 2774 γινες
718 2688 903 2766 hominurn,
928 2689 1030 2754 donec
1053 2689 1177 2755 faceret
1199 2713 1255 2756 eos
1277 2693 1400 2757 alienos
1416 2715 1435 2756 a
1450 2713 1524 2780 pec-

450 2814 539 2878 cato,
574 2813 608 2866 et
635 2799 788 2866 redderet
818 2825 874 2868 eos
904 2831 1007 2890 ειρηνην
1038 2825 1113 2868 oum
1142 2819 1201 2870 tuo
1231 2831 1392 2890 πνευματι,
1427 2820 1460 2871 ει
1488 2821 1524 2871 ut
1550 2833 1574 2872 n

449 2914 531 2979 fiant
559 2942 647 3002 ειρηνη
676 2937 752 2981 eum
781 2918 946 3002 πριβολειι
973 2919 1117 2995 luminis,
1147 2919 1237 3006 quod
1264 2931 1327 2984 est:
1358 2917 1523 2996 &varocum

449 3043 483 3094 ει
505 3056 593 3116 capam
619 3029 784 3095 osculatae
809 3045 885 3096 sunt
908 3031 968 3096 sibi
995 3034 1149 3109 invicem,
1179 3047 1213 3098 ει
1239 3036 1322 3098 sicut
1351 3033 1444 3098 dixit:
1466 3057 1523 3100 ve·
1629 3059 1630 3112 ι

371 3137 394 3204 3«
446 3147 526 3210 ritas
548 3147 806 3232 progerminavit
835 3166 853 3209 ε
880 3159 979 3210 terra.
1014 3145 1143 3211 Veritas
1174 3145 1205 3213 dc
1232 3161 1282 3213 est
1308 3161 1404 3211 tuum
1430 3175 1524 3232 σωμε

336 3245 409 3318 122
447 3261 559 3335 ὑλικον,
584 3258 674 3344 quod
696 3262 953 3346 progerminavit
976 3282 1015 3325 ex
1037 3283 1090 3324 me
1109 3287 1192 3327 aava.
1205 3274 1327 3326 terram
1342 3262 1523 3338 hominum,
1629 3243 1630 3294 l

448 3371 538 3457 quod
561 3398 702 3456 εκηρυσσε
720 3398 806 3438 aanor
827 3375 974 3438 veritatis
997 3371 1150 3451 αληθιιει,
1175 3389 1273 3462 atque
1295 3379 1415 3442 iterum
1439 3379 1523 3442 sicut
1548 3403 1572 3440 ra

387 3547 403 3580 s
447 3483 542 3548 dixitc
581 3480 747 3558 dnaccouvn
778 3486 1035 3572 progerminabit
1064 3510 1083 3553 ε
1116 3489 1214 3554 caelo.
1264 3497 1441 3566 Δικειεσυνη
1473 3505 1523 3556 est

446 3599 513 3671 vis,
545 3617 629 3681 quae
654 3595 801 3683 despexit
823 3620 863 3663 ex
887 3599 1056 3665 altitudine
1080 3601 1199 3667 datura
1220 3629 1370 3690 μυετηριε
1391 3605 1523 3669 luminis

444 3733 519 3796 γενει
542 3708 729 3787 hominum,
760 3725 793 3776 ει
815 3725 854 3775 ut
875 3711 956 3777 fiant
978 3712 1084 3781 dancrat
1112 3729 1145 3780 et
1167 3715 1292 3802 εγεθιι,
1324 3732 1363 3782 ιιι
1384 3731 1521 3804 κληρονο-

443 3849 563 3910 μησωσι
585 3845 723 3912 regnum
745 3825 885 3891 luminis.
931 3827 1067 3894 Factum
1090 3833 1190 3916 igitur
1213 3845 1275 3909 cst,
1305 3855 1409 3918 quum
1430 3831 1521 3898 lesus

527 3995 577 4055 10.
604 3994 804 4056 misericordia
830 4007 861 4057 ει
881 3997 1096 4077 (misericordia
1125 4013 1169 4061 cst
1189 4000 1238 4077 P.)
1272 4001 1448 4088 Legendum
1474 4005 1521 4064 vi-

443 4095 532 4157 detur
553 4096 584 4155 in
606 4107 705 4156 textu:
728 4101 800 4156 11ch
820 4118 862 4156 ne
882 4118 924 4156 ne
945 4099 1025 4158 uir‘a.
1053 4099 1090 4160 cs.
1112 4100 1187 4161 infra
1209 4103 1319 4179 p1a‚l.
1343 4101 1363 4162 l.
1380 4103 1409 4162 6.
1467 4105 1519 4162 15.

443 4193 518 4255 facta
539 4206 585 4256 est
606 4195 683 4276 (add.
700 4197 756 4257 tibi
776 4197 826 4276 P.)
867 4197 918 4257 22.
939 4199 1015 4260 sicut
1036 4201 1125 4279 (κατα
1146 4201 1277 4279 modum,
1300 4225 1359 4284 quo
1372 4202 1424 4280 P.)
1465 4201 1519 4262 25.

441 4293 520 4354 sicut
540 4297 630 4470 (ἔζεε
650 4295 787 4375 modum,
815 4319 875 4378 quo
897 4298 948 4377 Ρ.)
998 4298 1050 4360 26.
1073 4302 1310 4386 progermimbit
1333 4303 1520 4388 (progermi-

441 4393 524 4454 navit
571 4435 578 4452 .
