3240 5328
961 463 1028 532 Μ

457 645 579 712 lumen.
622 643 668 710 Et
699 663 786 710 nune
814 646 914 731 igitur
942 647 1107 730 ingressus
1131 643 1241 730 aperui
1267 652 1360 712 eom
1383 643 1482 708 luminis

458 773 491 826 et
513 759 628 847 aperui
655 759 725 823 vias
754 755 997 822 introducentes
1028 755 1073 821 ad
1100 755 1227 832 lumem
1256 768 1289 821 et
1313 776 1390 820 nune
1412 758 1482 842 igitr

459 876 515 960 qui
538 871 651 938 fecerit
665 870 800 957 dignum
821 895 998 952 μυπηριοις,
1022 871 1160 956 accipito
1181 893 1334 953 μυστηρια,
1354 881 1389 932 ut
1405 871 1483 964 veniat

459 985 502 1052 ad
522 986 643 1050 lumen.
688 982 902 1071 Respondeas
930 985 1051 1047 iterum
1073 981 1176 1047 Maria
1198 980 1291 1048 dixit:
1319 984 1361 1046 mi
1380 981 1482 1055 domine,

459 1098 532 1166 αλλ’
552 1097 671 1175 audivi,
693 1097 872 1185 prophetas
894 1099 1022 1163 venisse
1046 1094 1089 1160 ad
1109 1095 1230 1160 lumen
1266 1095 1394 1182 Pergens
1408 1093 1484 1158 edlu
1506 1116 1512 1152 ι

458 1239 551 1296 omno
575 1211 656 1276 dixit
678 1210 811 1275 Mariae:
835 1213 926 1296 ἀμην,
947 1213 1029 1295 ἀμην
1052 1208 1123 1276 dieo
1146 1208 1221 1286 tibi,
1243 1209 1362 1274 nullum
1380 1207 1484 1295 prople-

458 1337 528 1390 tam
555 1327 681 1390 venisse
709 1322 753 1387 ad
779 1324 908 1400 lumen,
938 1323 1011 1390 auti
1033 1349 1175 1411 αρχοντες
1195 1350 1299 1392 armus
1323 1323 1412 1388 locuti
1435 1343 1485 1384 eon

457 1441 496 1502 iis
525 1459 566 1502 ex
593 1461 680 1504 aanor
716 1434 879 1502 dederuut
906 1439 945 1501 iis
968 1463 1118 1520 μυστηριιι
1138 1463 1260 1513 armos,
1289 1450 1320 1500 et
1340 1457 1428 1522 quum
1449 1453 1487 1496 ve

458 1553 579 1616 nissam
602 1548 645 1614 ad
668 1575 754 1616 rerer
775 1576 883 1616 ιιιωνων
905 1550 1033 1615 Heliam
1055 1563 1187 1616 vertens
1217 1553 1288 1614 misi
1308 1552 1341 1614 in
1360 1575 1437 1632 rona
1453 1545 1487 1610 lo·

457 1666 573 1728 hannis
596 1663 775 1742 βιιπτιστου,
799 1664 943 1750 reliquos
967 1663 998 1730 de
1021 1685 1153 1750 quoque
1177 1666 1321 1729 converti
1340 1665 1371 1726 in
1390 1683 1489 1742 rosere
1504 1679 1516 1718 ι

345 1767 419 1843 356
459 1775 577 1853 daero,
606 1789 777 1864 repertura
800 1803 950 1866 μυστηρια
971 1777 1119 1854 luminis,
1147 1791 1185 1842 ut
1207 1777 1342 1866 proiecti
1360 1779 1390 1839 in
1409 1774 1489 1838 altitu·

459 1890 568 1956 dinem
604 1903 844 1976 κληρονομησωσι
879 1913 1013 1978 regnum
1044 1891 1135 1956 lueis.
1190 1891 1256 1980 Ipsi
1283 1889 1447 1957 Abrahamo
1470 1898 1491 1950 et

457 2004 568 2070 lsaaeo
593 2016 626 2069 et
647 2002 765 2069 Iacobo
788 2007 899 2070 remisi
928 2027 988 2069 sua
1014 2018 1149 2091 peecata
1171 2009 1282 2070 omnia
1310 2019 1340 2070 et
1361 2025 1425 2068 suas
1444 2025 1490 2066 aaa

456 2143 542 2203 μιας,
573 2131 606 2182 et
628 2116 704 2182 dedi
724 2121 763 2182 iis
785 2143 935 2204 μυστηριιι
957 2118 1087 2184 luminis
1110 2121 1145 2182 iu
1168 2145 1278 2195 aroris,
1301 2132 1332 2184 et
1352 2117 1435 2205 posui
1452 2134 1490 2178 eos

76 2185 268 2300 ῘὊἾῈ
276 2185 336 2308 Ὦ
363 2257 395 2312 s<
457 2234 491 2296 in
513 2257 595 2316 τοπῳ
617 2228 771 2296 lubraoth
798 2245 832 2296 et
860 2257 1011 2315 αρχοντων
1041 2235 1203 2308 omnium,
1236 2255 1318 2320 quae
1343 2245 1517 2318 unvamma

60 2341 61 2356 ¹
459 2356 493 2410 et
514 2342 650 2408 tendens
673 2346 707 2406 in
731 2344 937 2409 altitudinem
963 2344 1034 2422 ibo,
1064 2348 1194 2410 veniam
1221 2345 1264 2410 ad
1285 2347 1397 2419 lumen,
1417 2341 1491 2406 leun

459 2479 575 2523 eorum
602 2455 720 2543 doxae
748 2479 878 2522 meeum
907 2461 942 2522 in
972 2459 1093 2523 lumen.
1147 2460 1227 2526 ΑλΧ
1254 2463 1332 2545 iuna
1359 2458 1422 2522 dieo
1446 2451 1491 2524 tili,
1559 2441 1560 2474 ³

458 2571 577 2647 Maria,
608 2569 696 2636 haud
719 2575 829 2635 veniet
851 2571 893 2636 ad
915 2572 1042 2648 lumen,
1073 2585 1252 2659 antequam
1279 2573 1402 2638 tulerim
1427 2582 1492 2632 tuam

457 2681 568 2770 ψυχην
590 2695 790 2769 tuorumque
813 2683 954 2749 fratrum
979 2688 1126 2750 omnium
1149 2686 1193 2751 ad
1214 2687 1334 2763 lumen,
1360 2687 1443 2751 etiarn
1459 2701 1493 2744 re

458 2795 589 2862 siduum
612 2793 643 2862 de
660 2821 854 2881 τατριωρχων
884 2812 917 2864 et
944 2796 1061 2866 &aaran
1087 2798 1163 2864 iude
1191 2821 1212 2864 a
1238 2813 1383 2887 tempore
1407 2793 1519 2860 Adurni!

459 2909 511 2978 iot
531 2931 638 2997 usque
661 2909 704 2974 ad
725 2911 788 2975 hoo
810 2925 957 2999 tempus,
988 2915 1100 2999 quiin
1123 2939 1224 2980 esurio
1256 2927 1291 2980 et
1316 2911 1423 3002 ταξεσιν
1447 2927 1495 2972 on·

456 3022 553 3088 nibus
577 3050 737 3106 αρχοντων.
768 3024 881 3105 Quum
897 3028 1042 3091 venerim
1065 3027 1099 3089 in
1121 3051 1207 3092 roaros
1223 3053 1341 3105 arnam,
1361 3026 1416 3090 hos
1429 3029 1496 3088 curat

458 3137 695 3202 convertendos
718 3141 753 3201 in
780 3164 913 3220 σωματα
943 3161 1056 3204 omnes
1084 3137 1214 3206 futuros
1244 3135 1496 3218 irrationales

456 3248 603 3328 luminis,
627 3254 683 3338 qui
704 3254 872 3318 invenient
892 3279 1042 3337 μυστηριιι
1066 3257 1176 3319 omnia
1197 3254 1343 3332 luminis,
1368 3254 1495 3318 utinm
1558 3325 1559 3330 η

459 3377 573 3428 euntes
596 3377 835 3450 κληρονομησωσι
850 3387 988 3454 regnum
1010 3366 1150 3432 luminis.
1195 3368 1406 3457 Respondeas
1422 3361 1521 3429 Marias
1558 3345 1559 3438 l

458 3475 551 3539 dixit:
589 3499 702 3543 sumus
732 3505 875 3564 μακαριοι
903 3501 965 3546 nos
995 3483 1069 3566 παρ’
1093 3480 1281 3547 hominibus
1313 3480 1449 3548 omnibus
1470 3493 1495 3535 ει
1558 3453 1559 3533 l

456 3585 506 3650 his
529 3591 664 3672 magnis,
689 3613 772 3674 quae
795 3592 948 3657 revelasti
970 3592 1073 3659 nobis.
1112 3594 1327 3680 Respondeas
1343 3619 1427 3680 rorat
1441 3585 1497 3653 dlxii

456 3697 578 3764 Mariae
607 3712 640 3764 et
665 3700 815 3785 μωθητιιις
843 3705 1009 3772 omnibus:
1043 3733 1083 3774 m
1110 3707 1266 3774 revelabo
1296 3709 1386 3774 vobis
1410 3717 1494 3786 magna

458 3815 569 3879 omnia
595 3814 773 3881 altitudinis
802 3817 878 3882 inde
907 3842 928 3884 a
954 3833 1048 3907 parte
1076 3824 1205 3886 interna
1233 3826 1431 3888 internorum
1454 3810 1497 3898 (ἓιῦ

342 3903 416 3982 357
457 3949 561 4014 usque
584 3927 627 3994 ad
649 3945 777 4017 partem
801 3945 970 3998 externam
993 3948 1220 4014 externorum,
1255 3941 1408 4024 quoniam
1434 3924 1524 3994 edffl’

454 4041 591 4128 perlecti
612 4045 647 4108 in
662 4047 845 4132 cognitione
860 4049 959 4122 omni,
983 4060 1016 4114 et
1037 4050 1072 4114 in
1094 4061 1274 4138 τλημωματι
1298 4053 1387 4118 omni
1403 4059 1432 4112 et
1443 4036 1498 4106 sol

539 4283 568 4343 8·
588 4307 727 4372 mrtem
748 4289 910 4377 (nomque
931 4292 978 4368 P.)
1034 4293 1083 4354 10.
1110 4293 1168 4356 del.
1191 4293 1363 4376 „quoque”
1384 4291 1415 4350 Ρ.
1464 4275 1499 4340 ¹5·

457 4399 531 4461 quae
552 4383 618 4464 (qui
640 4385 688 4463 Ρ.)
