3254 5340
927 473 993 543 176

423 687 456 728 ου
481 684 568 745 prere
596 677 672 734 vos,
707 653 779 724 αλλ’
804 655 905 720 homo
941 657 1080 742 quisque
1108 651 1313 742 perfecturus
1342 681 1506 742 pompm

422 773 668 840 resurrectionis
690 784 914 845 mortuorum,
945 767 1036 856 quod
1064 768 1213 850 θιριιπευει
1232 767 1373 849 duanam
1396 783 1431 834 el:
1451 768 1504 833 al'-

425 888 635 954 llictationem
658 907 789 950 omnem
813 897 847 948 et
869 882 1021 948 morbum
1046 905 1177 947 omnem
1198 897 1296 968 atque
1313 885 1413 946 etiam
1429 904 1502 948 eae·

425 1023 491 1076 cos,
514 1014 613 1086 atque
636 998 770 1063 claudos
794 1011 827 1062 ct
849 998 992 1074 mutilos,
1016 1010 1049 1062 ct
1070 1009 1181 1061 mutos
1205 1009 1238 1060 et
1255 1005 1386 1079 κωφουε,
1411 996 1503 1082 quod

426 1115 500 1180 dedi
527 1113 620 1178 vobis
651 1112 744 1187 olim,
774 1111 922 1176 facturus
951 1138 1121 1198 μυστηριον,
1152 1123 1191 1174 ut
1222 1108 1373 1174 absolvat
1401 1109 1500 1186 istud,
1533 1135 1545 1173 ι

423 1227 584 1317 posthoc
607 1229 705 1311 igitur
727 1229 754 1289 si
778 1253 882 1315 usvarp
903 1249 955 1290 res
973 1247 1095 1302 omues,
1118 1238 1350 1313 paupertatem
1370 1237 1403 1288 et
1418 1247 1500 1311 opu·

423 1343 566 1415 lentiam,
590 1338 790 1404 debilitatem
813 1352 847 1404 et
868 1338 981 1416 robur,
1009 1365 1121 1406 σινωσιν
1144 1352 1178 1404 et
1200 1365 1293 1417 rone
1316 1361 1443 1414 sanum,
1468 1351 1504 1402 et
1596 1421 1597 1440 Χ

425 1455 578 1540 depeream
602 1474 734 1516 omnem
760 1478 900 1533 σωματος
929 1467 1029 1539 atque
1057 1455 1330 1518 resurrectionem
1351 1465 1502 1516 mortuo·

425 1589 509 1644 rum,
533 1580 632 1652 atquc
655 1569 818 1642 leccatores
841 1566 975 1631 claudos
999 1580 1033 1630 et
1055 1589 1167 1632 caecos
1191 1580 1225 1630 et
1242 1576 1365 1652 κωφους
1380 1579 1415 1630 et
1430 1589 1502 1629 mu·

424 1697 478 1748 tos
509 1695 543 1746 et
573 1679 706 1746 morbos
743 1703 856 1745 omnes
891 1694 923 1746 et
953 1679 1199 1746 afflictationem
1229 1701 1375 1756 omnem,
1415 1676 1503 1770 αἱτιξ
1525 1705 1545 1746 ιι

425 1800 532 1865 eletos
556 1798 611 1881 qui
634 1794 807 1881 perfecerit
820 1821 976 1877 μυστηριον
992 1794 1072 1859 illud
1088 1796 1144 1880 (ct)
1166 1797 1295 1883 petierit
1309 1817 1362 1858 res
1378 1816 1503 1870 omnes,

426 1933 507 1997 quas
531 1909 613 1984 dixi,
638 1921 734 1973 eruut
757 1913 786 1973 ei
807 1912 842 1973 in
858 1908 980 1999 reond).
1024 1909 1112 1973 Haec
1135 1911 1234 1995 igitur
1250 1931 1353 1993 quum
1368 1907 1503 1972 dixisset

426 2051 535 2104 σωτηρ,
568 2025 732 2112 progressi
753 2023 887 2105 μαθητωι
911 2022 1135 2088 exclamarunt
1156 2043 1269 2086 omnes
1293 2021 1336 2086 ad
1364 2043 1397 2086 se
1422 2025 1503 2085 invi-
1596 2015 1597 2082 ὲ

427 2159 497 2202 cem
520 2137 676 2201 dicentes:
707 2163 812 2217 σωτερ,
835 2139 960 2201 insania
982 2159 1043 2200 nos
1066 2136 1213 2224 percellis
1238 2159 1337 2222 quam
1360 2139 1503 2200 maxime

425 2251 523 2315 rebus
547 2251 670 2323 arduis,
701 2271 783 2336 quas
807 2250 913 2314 dixisti
943 2250 1037 2315 nobie
1061 2264 1094 2314 et
1116 2250 1203 2314 tollis
1232 2264 1363 2315 nostras
1385 2249 1503 2332 ψυχις
1526 2275 1543 2314 ιι
1596 2275 1597 2328 ι

312 2356 387 2429 280
427 2378 459 2430 et
483 2362 669 2428 desiderant
684 2363 723 2449 (l)
746 2366 793 2428 ire
817 2385 835 2428 e
859 2362 953 2428 nobis
977 2367 1010 2427 in
1038 2377 1087 2440 te,
1117 2377 1292 2451 propterea
1323 2363 1415 2450 quod
1444 2391 1504 2448 γαρ
1596 2351 1597 2432 l

428 2503 445 2545 e
472 2493 505 2544 te
536 2499 659 2544 sumus.
711 2477 804 2542 Nunc
835 2480 933 2564 igitur
962 2492 1098 2565 propter
1126 2479 1206 2543 haec
1237 2478 1339 2543 ardua
1369 2492 1505 2543 nostrae
1596 2455 1597 2530 l

426 2591 538 2679 ψυχαι
562 2592 604 2656 ad
621 2594 779 2656 insaniam
802 2591 963 2664 redactae.
988 2615 1071 2678 quae
1096 2591 1173 2656 dicis
1189 2592 1293 2666 nobis,
1316 2605 1350 2656 et
1365 2592 1504 2668 θλιβουτι

1596 2591 1597 2624 l

377 2785 393 2806 f
426 2727 527 2791 quam
549 2707 700 2780 maxime,
722 2705 870 2770 volentes
893 2709 940 2770 ire
964 2728 981 2770 e
1005 2705 1098 2771 nobis
1121 2709 1155 2769 in
1177 2705 1392 2782 altitudinem,
1417 2733 1505 2770 τοπιν

424 2821 474 2884 tui
496 2821 595 2906 regni.
641 2819 729 2883 Haec
753 2842 856 2905 quum
880 2819 1036 2884 dixissent
1057 2817 1206 2902 μαθηται,
1233 2841 1372 2907 pergens
1395 2819 1503 2884 adhuc
1524 2843 1545 2882 u

425 2960 518 3012 σωτηρ
543 2933 623 2997 dixit
650 2937 716 2998 suis
745 2937 906 3016 μαθητωιςι
938 2957 1040 3020 quum
1066 2935 1220 2997 veneritis
1249 2934 1284 2996 iu
1314 2947 1416 3000 πολεις
1447 2949 1503 2998 aut

424 3071 525 3136 regna
548 3061 606 3113 aut
627 3073 741 3128 χωρας,
764 3074 920 3129 nepotesve
943 3051 981 3112 iis
1004 3050 1147 3136 primum
1172 3046 1329 3111 dicentes:
1357 3052 1503 3133 quaerite

427 3166 516 3227 omni
539 3175 697 3249 tempore,
722 3174 754 3224 et
776 3184 817 3226 ne
839 3163 1004 3237 remittite,
1028 3161 1078 3226 io<
1093 3183 1199 3248 usque
1219 3161 1297 3226 dum
1313 3164 1502 3226 inveneritis

383 3235 576 3361 ²<prucorum,
604 3276 749 3350 luminis,
780 3298 863 3361 quae
898 3275 1017 3340 ducent
1045 3297 1106 3341 vos
1133 3277 1169 3338 iu
1195 3297 1332 3362 regnum
1360 3276 1502 3340 luminis.

425 3391 530 3454 Dicite
553 3393 607 3454 iis:
631 3403 743 3454 cavete
758 3389 852 3454 vobis
869 3412 888 3453 a
905 3388 1059 3454 doctrinis
1082 3403 1207 3465 πλαιιηι,
1228 3389 1383 3476 alioquin,
1407 3389 1542 3453 multis

425 3505 558 3567 venient
579 3505 613 3565 in
636 3524 710 3566 meo
739 3507 872 3568 nominc
902 3503 1059 3568 diceutes:
1092 3525 1151 3589 ego
1175 3525 1258 3580 sum,
1282 3516 1315 3567 et
1343 3525 1404 3592 ego
1437 3527 1503 3568 uon
1534 3523 1537 3528 ·

427 3634 510 3684 sum,
534 3625 567 3675 et
589 3628 725 3679 artavum
755 3615 887 3680 multos.
932 3617 1025 3682 Nunc
1055 3620 1167 3704 igitur,
1197 3618 1345 3681 homines
1378 3640 1503 3693 omnes,

426 3729 483 3813 qui
506 3727 641 3789 veniunt
664 3725 791 3800 advos,
814 3741 853 3791 ut
875 3753 1032 3796 πιστευωσι
1054 3729 1158 3805 vohis¹
1182 3744 1221 3794 ut
1241 3731 1378 3795 audiant
1390 3745 1504 3796 vestre

424 3841 528 3908 verba
539 3854 572 3906 et
583 3840 704 3906 faciant
716 3839 849 3930 dignum
860 3869 1029 3930 μυστηριοις
1045 3843 1187 3922 luminis,
1203 3843 1279 3910 date
1296 3848 1334 3910 iis
1349 3871 1503 3934 μυστηριι

508 4015 536 4077 8.
558 4038 688 4082 σωματος·
708 4026 796 4095 atquc
817 4016 962 4091 (σωματος
983 4029 1070 4098 atque
1093 4017 1179 4077 etiam
1201 4016 1250 4092 P.)
1306 4018 1355 4077 11.
1378 4019 1504 4098 petierit
1596 4093 1597 4102 ἵ

425 4117 538 4192 (arms-31
561 4115 607 4190 P.)
652 4113 699 4174 17.
720 4137 820 4174 sumus
843 4116 904 4193 (vel
926 4117 1039 4191 „sunt”
1061 4119 1110 4191 P.)
1152 4119 1203 4179 20.
1224 4119 1305 4178 llaec
1326 4117 1503 4200 (add.,‚igi·
1596 4139 1597 4144 ¹

423 4215 497 4275 tnr’'
520 4215 567 4292 P.)
628 4214 679 4276 25.
700 4214 831 4295 alioquin
853 4215 932 4293 (add.
954 4217 1054 4292 ,,ουν”
1076 4218 1126 4296 Ρ.)
1196 4217 1245 4279 26.
1267 4229 1299 4278 et
1319 4239 1378 4301 ego
1405 4218 1503 4299 (quod

425 4331 484 4396 ego
506 4313 552 4387 P.)
604 4311 656 4375 27.
678 4325 806 4375 cinnum
828 4321 1019 4394 (πλανησουσι
1040 4317 1088 4394 Ρ.)
1147 4318 1197 4380 29.
1224 4319 1292 4380 dale
1317 4317 1424 4401 (dallo,
1450 4328 1503 4378 aut

424 4410 484 4496 leg.
506 4422 541 4473 ut
562 4432 649 4494 supra
669 4435 699 4495 p.
715 4413 785 4476 172.
806 4435 855 4476 ere
875 4413 902 4495 l·
922 4417 1056 4499 „utique
1076 4417 1167 4480 dale”
1187 4417 1237 4499 P.)
