3296 5354
944 428 988 498 56

428 640 555 702 coeptu,
587 613 677 701 quod
698 611 781 679 vidit
803 607 990 700 aliquando,
1014 624 1047 676 ct
1070 614 1122 676 cui
1145 635 1320 688 ιπιστευσεν,
1352 623 1386 676 et
1406 622 1504 699 putu·

427 727 501 806 bat,
523 731 624 794 istum
647 749 780 816 quoque
802 725 914 806 βοηθειν
938 724 1014 802 sibi,
1039 747 1099 790 nec
1122 748 1190 791 nou
1211 728 1265 791 isti
1287 727 1420 810 ύμνευεν,
1442 747 1506 813 pu·

428 855 519 919 tans,
546 845 648 908 istum
671 863 740 908 esse
761 841 873 907 lumen
897 837 1050 916 αληθεισις,
1079 839 1151 906 αλλ’
1164 837 1261 915 excidit
1279 865 1433 905 επιστευσε
1453 837 1507 902 Ιιι-

427 958 523 1032 mini,
544 957 649 1022 relato
674 954 717 1020 ad
740 953 879 1030 αληθιιαν
900 952 1055 1040 henepon,
1077 965 1214 1041 propter
1232 954 1295 1018 hoc
1319 950 1507 1018 seductum

428 1071 470 1135 iri
492 1091 624 1134 sursum
645 1072 681 1132 in
703 1069 785 1134 chao
810 1081 843 1134 et
866 1081 1036 1156 acceptum
1058 1068 1098 1132 iri
1113 1089 1208 1132 suam
1221 1092 1390 1151 μετωνοιαν,
1413 1079 1505 1134 ente
1533 1087 1548 1125 ⁸

429 1181 578 1248 nondum
609 1182 798 1248 absolutum
831 1194 903 1249 erat
932 1195 1095 1247 statutum
1127 1182 1225 1267 primi
1257 1205 1434 1267 promptae,
1466 1192 1508 1244 ut

429 1299 631 1384 acciperetur
660 1298 728 1361 eius
757 1322 917 1381 μετανοια,
936 1333 972 1345 -
999 1309 1077 1371 πλην
1106 1296 1205 1380 igitur
1235 1292 1363 1370 audite,
1399 1291 1506 1358 dicam

428 1409 524 1474 vobis
545 1431 598 1474 res
622 1431 753 1486 omnes,
777 1407 991 1497 quaefactae
1014 1419 1091 1474 sunt
1108 1433 1203 1474 rictu
1222 1415 1330 1495 rodae.
1367 1405 1506 1470 Factum

430 1535 495 1599 cst,
526 1545 630 1611 quum
653 1523 818 1590 duxissem
841 1545 916 1588 eam
943 1525 978 1587 iu
1004 1549 1090 1589 τοπον
1121 1523 1304 1609 spatiosum
1333 1520 1507 1609 paululum

428 1638 464 1702 in
487 1637 584 1714 chao,
607 1651 776 1703 cessarunt
798 1637 941 1725 affligere
965 1658 1039 1702 eam
1060 1634 1157 1701 valde
1179 1636 1327 1721 προβολιιι
1346 1632 1504 1711 undeciens,
1531 1655 1556 1696 u

431 1753 668 1829 existimantes,
704 1751 840 1817 ductum
867 1773 940 1817 cam
967 1754 1007 1816 iri
1031 1772 1162 1816 sursum
1189 1753 1224 1814 in
1251 1749 1333 1814 chao
1362 1752 1506 1815 omnino.

329 1849 379 1923 84
430 1863 569 1931 Factum
592 1879 658 1944 cst,
694 1887 796 1953 quum
823 1868 1051 1954 cognovissent
1077 1865 1227 1951 προβολαι
1246 1860 1409 1941 eudelane,
1439 1885 1507 1929 non

431 1977 565 2046 ductam
587 2002 657 2046 esse
679 2005 774 2047 πιστιν
799 1989 912 2069 rodier
935 2001 1067 2046 sursum
1087 1981 1123 2043 iu
1145 1978 1242 2056 chao,
1272 1999 1424 2044 reversae
1445 1980 1507 2042 ite·

430 2115 507 2158 rum
535 2107 612 2159 sunt
639 2094 735 2159 simul
763 2093 942 2181 affligentes
970 2115 1044 2160 cam
1075 2095 1226 2158 maxime.
1275 2091 1417 2180 Propter
1443 2091 1507 2158 hoc

430 2208 529 2292 igitur
551 2206 633 2272 dixit
656 2220 807 2273 octavam
827 2234 1000 2294 μετανοιων,
1024 2207 1115 2294 quod
1136 2219 1341 2273 cessaverant
1361 2205 1506 2293 affligere
1532 2225 1558 2266 rs

432 2341 515 2395 eam,
538 2333 638 2405 atque
653 2323 773 2386 iterum
787 2329 938 2386 reversae
961 2320 1150 2386 afflixerunt
1165 2343 1238 2386 eam
1254 2319 1296 2385 ad
1312 2333 1505 2386 extremum.

430 2431 523 2500 Dixit
543 2433 627 2498 hauc
648 2460 806 2517 μιτανοιαν
830 2434 938 2500 dicens
966 2457 1039 2500 eam
1065 2436 1128 2501 hoc
1157 2434 1273 2501 modo:
1303 2433 1426 2511 „Posui
1449 2455 1507 2500 cor

431 2568 545 2612 meum
567 2550 601 2612 in
622 2561 671 2624 te,
701 2546 829 2626 iumen,
859 2569 902 2614 no
930 2551 998 2614 sinc
1025 2572 1076 2615 me
1103 2551 1138 2614 in
1168 2549 1266 2628 cha03
1301 2547 1378 2612 nudi
1400 2569 1449 2612 me
1472 2560 1508 2612 et

430 2657 550 2724 liberes
572 2681 622 2726 me
648 2664 765 2727 intua
793 2665 985 2751 cognitione.
1030 2662 1178 2729 Animrm
1206 2675 1298 2728 verte
1326 2660 1370 2726 ad
1396 2683 1446 2726 me
1473 2674 1509 2726 et

431 2771 550 2839 liberes
573 2796 639 2855 ωας
671 2789 742 2842 esto
765 2777 842 2842 mihi
865 2790 1030 2854 servator,
1054 2800 1074 2843 o
1097 2776 1222 2854 lumen,
1252 2789 1285 2842 et
1306 2775 1423 2841 liberes
1444 2797 1505 2852 me,
1532 2795 1558 2838 n

432 2884 497 2951 duc
516 2909 567 2954 me
582 2887 625 2954 ad
646 2903 738 2956 tuum
760 2891 878 2958 lumen.
924 2890 1025 2974 Quod
1047 2905 1086 2957 tu
1108 2911 1142 2957 es
1165 2911 1254 2956 meus
1278 2915 1381 2976 σωτηρ,
1407 2902 1508 2976 atque

432 2998 532 3068 duces
554 3026 605 3071 me
628 3005 672 3071 ad
692 3019 735 3072 te.
772 3007 818 3072 Et
838 3017 975 3095 propter
995 3032 1152 3094 μυστηριον
1174 3008 1225 3069 tui
1246 3007 1383 3070 nominis
1400 3002 1509 3070 indica

431 3119 517 3182 viam
539 3119 631 3196 mihi,
661 3133 694 3186 et
721 3119 778 3186 des
807 3120 884 3184 mihi
905 3134 998 3185 tuum
1019 3146 1186 3208 μυστηριον,
1218 3132 1252 3184 et
1279 3117 1433 3185 liberabis
1456 3141 1508 3184 me

433 3229 475 3295 ab
498 3231 560 3298 hac
581 3237 616 3298 vi
638 3256 709 3300 curu
732 3234 814 3300 facie
829 3235 942 3311 leonis,
967 3257 1033 3320 qun
1052 3234 1129 3298 mibi
1148 3233 1290 3298 insidiati
1307 3247 1392 3310 sunt,
1416 3233 1508 3320 quod

431 3355 472 3409 tu
488 3366 523 3410 es
546 3368 636 3413 meus
659 3374 761 3433 σωτηρ,
786 3361 818 3412 et
841 3334 926 3412 dubo
950 3351 1123 3435 puritatem
1142 3351 1204 3414 mei
1225 3347 1353 3420 luminis
1374 3349 1410 3411 in
1431 3360 1506 3413 tuas
1533 3368 1558 3409 u

410 3461 556 3524 'manus
594 3459 729 3524 Liberae
752 3481 818 3536 me,
840 3460 962 3537 iumen,
985 3465 1020 3525 iu
1041 3475 1102 3527 tua
1123 3463 1315 3549 cognitione.
1356 3460 1506 3527 Irasceris

431 3568 497 3645 his,
531 3575 588 3657 qui
609 3572 778 3660 invigilant
797 3575 833 3638 in
854 3596 920 3650 me,
951 3578 1008 3662 qui
1029 3575 1120 3641 baud
1148 3574 1351 3664 prebendent
1376 3597 1427 3642 me
1448 3598 1506 3664 pe·

431 3683 531 3748 nitus.
574 3684 646 3773 Ego
677 3683 708 3754 ir
731 3685 854 3752 credidi
880 3686 1006 3768 lumini3
1042 3688 1206 3778 gaudebo,
1232 3693 1386 3776 ὑμνιυσω,
1417 3689 1507 3777 quod

431 3798 592 3865 misereris
615 3803 676 3866 mei
699 3813 732 3866 et
752 3801 890 3889 praebes
914 3823 971 3868 cor
993 3817 1084 3869 tuum
1107 3803 1151 3869 nd
1172 3808 1361 3893 angustiam,
1383 3807 1419 3868 in
1441 3827 1507 3891 qua

432 3933 520 3991 sum,
544 3928 577 3980 et
597 3913 716 3982 liberas
739 3938 805 3994 me,
829 3929 862 3982 et
883 3920 1035 3986 restitues
1057 3940 1159 3984 meam
1181 3922 1245 3984 vim
1269 3939 1287 3984 e
1311 3917 1401 3984 cbao.
1446 3916 1505 3983 At·
1532 3941 1557 3984 a

433 4047 499 4114 que
520 4027 611 4097 haud
632 4029 755 4119 liquisti
777 4052 827 4097 mc
849 4033 883 4097 vi
907 4053 977 4097 cum
1005 4031 1087 4098 lucie
1114 4033 1234 4111 leonis,
1268 4046 1359 4101 αλλιι
1387 4031 1506 4100 duxisti
1636 4007 1637 4016 ἵ

515 4271 545 4332 5.
566 4298 714 4344 μετανοιαν
735 4277 812 4356 (add.
833 4299 850 4339 a
871 4300 903 4340 se
925 4279 975 4357 P.)
1023 4277 1052 4339 7.
1074 4304 1206 4346 morosa
1227 4279 1304 4359 (add.
1326 4279 1361 4341 ab
1382 4281 1447 4362 ipsa
1457 4279 1505 4358 P.)

434 4369 484 4431 18.
505 4372 572 4434 andi
594 4375 719 4453 (redime
742 4378 792 4456 P.)
834 4378 883 4440 30.
905 4400 953 4440 me
975 4391 1006 4442 et
1026 4381 1129 4461 (atque
1151 4382 1238 4444 etiem
1260 4381 1309 4460 P.)
