3240 5328
914 453 981 522 202

412 639 550 726 quisque
574 657 686 702 eoram
713 645 822 701 mutat
850 654 942 699 suam
970 633 1087 698 faciem
1116 630 1186 700 καθ’
1207 632 1333 698 horam.
1377 633 1486 720 Atque

412 754 510 818 etiam
532 750 582 816 his
599 749 772 815 duodecim
793 773 936 830 repertur
958 761 1008 813 est
1029 748 1206 834 unicuique
1227 769 1343 812 eorum
1366 749 1485 812 ostium

412 879 563 955 apertum
585 886 700 930 versus
730 862 948 938 altitudinem,
979 864 1054 927 cirre
1079 859 1192 946 dpoxwv
1215 861 1358 946 caliginis
1382 875 1485 924 exter·

410 1003 472 1044 nae
496 983 539 1044 sit
561 979 733 1043 duodecim
755 1001 897 1054 ταμιειως
916 976 1067 1062 caliginis,
1091 979 1175 1040 ostio
1192 976 1335 1038 cuiusvis
1350 1001 1483 1054 ταμιειου

413 1107 527 1181 aperto
549 1115 664 1158 versus
693 1089 911 1164 altitudinem,
941 1101 1039 1175 atque
1068 1101 1201 1176 αγγελος
1229 1087 1410 1152 altitudinis
1437 1090 1483 1150 in·
1518 1111 1528 1149 r
1605 1129 1606 1196 ἐ

411 1208 579 1293 vigilatio
602 1201 847 1290 unumquodvis
863 1205 986 1266 ostium
1000 1217 1147 1286 τωμιειων,
1172 1223 1255 1288 quos
1271 1201 1338 1276 let,
1361 1203 1485 1288 primus
1605 1213 1606 1290 l

410 1319 528 1394 homo,
558 1343 714 1386 exercerer
736 1316 883 1393 luminis,
913 1316 1079 1398 πρεσβυτης
1101 1318 1198 1403 primi
1222 1317 1345 1389 statuti,
1375 1316 1486 1401 posuit
1605 1381 1606 1412 1

410 1431 613 1518 invigilantes
636 1434 671 1495 in
694 1427 850 1514 ripaeursae,
872 1441 910 1492 ut
932 1451 973 1494 ne
997 1455 1150 1520 orcamp
1167 1441 1200 1493 et
1215 1453 1356 1509 αρχοντες
1372 1449 1485 1491 omnes

412 1567 720 1624 ειιοωῐηταμιιιων,
744 1545 884 1630 quaein
908 1565 957 1607 co.
1002 1543 1090 1608 llaec
1112 1543 1211 1630 igitur
1234 1563 1337 1628 quum
1353 1541 1487 1606 dixisset
1605 1583 1606 1632 p

411 1683 519 1742 σωτηρ,
549 1656 750 1745 respondens
780 1655 883 1720 Maria
912 1655 1105 1744 lilagdalcna
1139 1656 1233 1720 dixit:
1267 1659 1313 1718 mi
1344 1654 1485 1731 domine,
1511 1677 1531 1718 u

413 1797 516 1838 ruaooo
534 1769 662 1854 ψυχωι,
697 1790 778 1856 quas
808 1769 932 1834 ducunt
958 1773 994 1833 in
1021 1793 1108 1836 rores
1136 1769 1242 1846 illum,
1274 1768 1399 1833 ducunt
1426 1791 1488 1856 per

410 1885 491 1950 haec
515 1884 687 1948 duodecim
715 1885 814 1958 ostia,
843 1885 1096 1970 unumqucmvis
1119 1909 1202 1948 auro
1221 1909 1319 1964 κρισιν,
1348 1905 1414 1968 qua
1438 1895 1488 1946 est

414 1997 550 2086 dignus?
595 1996 807 2083 Respondent
831 2023 923 2078 σωτηρ
948 1997 1029 2061 dixit
1050 1997 1186 2062 Mariae:
1214 1996 1339 2061 ducunt
1361 1996 1486 2060 nullam

410 2109 521 2199 ψυχην
544 2110 586 2176 ad
609 2111 754 2192 dpuxovru
776 2131 836 2198 pet·
858 2111 937 2177 baec
961 2113 1058 2186 ostia,
1088 2125 1178 2176 αλλα.
1200 2109 1310 2198 doxon
1333 2109 1486 2196 blasphe-
1605 2189 1606 2192 Ἴ

410 2227 570 2288 mantiam
601 2237 633 2287 et
654 2226 856 2288 versantium
883 2225 918 2288 in
945 2224 1094 2288 doctrina
1122 2237 1237 2298 πλινης
1267 2233 1301 2288 et
1330 2225 1485 2287 uniuscu·
1511 2247 1531 2288 n
1605 2195 1606 2260 l

410 2339 511 2400 iusvis
544 2335 688 2400 docentis
718 2339 753 2399 in
783 2351 923 2414 steven,
955 2349 1053 2424 atque
1077 2340 1175 2402 etiam
1206 2336 1486 2402 concubitontium

412 2471 486 2514 cum
510 2448 671 2526 maribus,
706 2463 805 2536 atque
834 2455 932 2516 ctiam
961 2451 1132 2515 hominum
1159 2453 1421 2537 inquinatorum,
1454 2465 1487 2516 et

412 2565 559 2638 ασεβιων,
591 2576 623 2628 ct
656 2564 827 2628 hominum
855 2567 1002 2628 omnium
1029 2567 1219 2652 impiorum,
1249 2578 1282 2630 et
1312 2575 1424 2650 φονειις
1454 2577 1486 2629 et

412 2674 578 2740 adulteros
608 2688 640 2739 et
664 2683 863 2762 poppaucus,
891 2677 1006 2760 doxae
1028 2675 1075 2744 one
1105 2701 1218 2743 omnes
1245 2677 1484 2754 huiuscemodi,

412 2791 437 2852 si
460 2787 550 2851 haud
571 2815 749 2868 μετενοησιιν
768 2815 808 2856 m
831 2793 988 2867 viventes,
1012 2803 1102 2857 αλλα
1116 2785 1355 2880 permanserint
1373 2796 1407 2855 in
1423 2815 1483 2857 suo
1508 2815 1529 2856 s

296 2895 371 2969 323
410 2915 544 2990 peccato
569 2905 734 2980 continuo,
757 2917 856 2990 atque
880 2904 958 2968 alias
973 2902 1090 2990 ψυχας
1113 2927 1231 2982 omnes,
1256 2927 1339 2991 quac
1354 2927 1486 2969 reman-

411 3039 481 3082 sere
506 3030 597 3080 extra
619 3017 705 3080 hunc
728 3017 847 3093 locum,
877 3039 960 3103 quae
985 3031 1061 3081 sunt
1083 3018 1158 3095 bae,
1183 3039 1266 3106 quae
1290 3031 1487 3106 accepemmt

411 3151 507 3194 suum
531 3151 704 3194 numerum
732 3145 860 3207 κυκλων,
888 3130 1085 3196 destinatum
1109 3131 1168 3196 sibi
1195 3135 1230 3196 iu
1252 3141 1372 3220 σφωιρφ
1395 3131 1485 3196 haud

408 3267 648 3327 pmaoovrarar,
679 3245 752 3311 αλλ’
769 3247 803 3308 in
826 3265 885 3309 suo
916 3245 1033 3309 ultimo
1057 3259 1162 3331 κυκλῳ
1190 3247 1347 3333 accipient
1367 3244 1486 3332 ψυχις

408 3355 490 3432 illas,
512 3355 591 3421 istas
615 3371 648 3422 et
669 3355 785 3445 doxon
809 3377 932 3434 omnes,
957 3381 1038 3444 quas
1060 3361 1124 3422 iam
1149 3358 1215 3423 dixi
1234 3358 1338 3436 vobis,
1362 3359 1483 3424 ducent
1506 3383 1530 3423 rs

411 3489 464 3532 eas
488 3489 549 3553 per
571 3474 691 3534 ostium
716 3472 837 3535 caudae
862 3473 1014 3556 ipaxovror
1035 3471 1123 3536 intus
1145 3476 1180 3537 in
1195 3500 1319 3556 τωμιεια
1340 3473 1484 3560 califfl’nis

412 3591 580 3656 externae3
604 3595 637 3645 et
660 3603 762 3666 quum
785 3585 850 3647 iam
875 3584 1027 3650 duxerint
1040 3584 1156 3672 ψυχας
1178 3589 1213 3649 in
1236 3587 1403 3673 caliginem
1427 3612 1484 3651 ex-

408 3703 538 3756 ternam
561 3715 620 3780 per
649 3697 769 3760 ostium
798 3698 920 3763 caudae
952 3703 1037 3776 eius,
1069 3703 1230 3764 convertit
1260 3703 1358 3764 etiam
1389 3723 1484 3765 suam

410 3805 547 3872 caudam
571 3811 658 3873 intus
681 3811 715 3873 in
740 3833 835 3875 suum
858 3813 959 3900 ipsius
984 3837 1034 3891 os,
1062 3827 1102 3878 ut
1130 3813 1260 3879 claudat
1283 3819 1376 3880 ostia.
1421 3815 1485 3880 Hic

410 3935 460 3986 est
489 3921 622 4000 modus,
654 3945 720 4011 quo
752 3925 871 3990 ducent
898 3923 1016 4015 ψυχας
1042 3931 1076 3991 in
1107 3927 1274 4015 caliginem
1304 3943 1483 3995 externam
1509 3948 1533 3991 s

408 4035 454 4101 Et
488 4049 565 4102 sunt
598 4036 730 4126 dpunovrr
766 4040 907 4128 caliginis
942 4052 1095 4108 externae
1134 4041 1307 4108 duodecim
1347 4047 1485 4109 nomina

490 4278 541 4336 tt.
570 4281 645 4341 ostia
666 4281 743 4362 (add.
765 4281 1004 4364 ,,ταμιιων”Ρ.)
1028 4319 1069 4336 -
1100 4286 1327 4368 unumquemvis
1349 4288 1405 4369 (se
1427 4287 1483 4350 lto-

405 4372 517 4436 minem
537 4377 585 4456 Ρ.)
