3296 5354
675 487 716 551 21

156 665 224 731 tibi.
270 664 374 730 Dixitt
402 666 448 728 mi
472 661 616 730 domine!
664 665 821 732 Homines
846 689 959 735 omnes
993 672 1128 739 scientes
1150 698 1232 759 μυσ-

155 806 246 867 τήριον
268 803 391 866 stayros
414 802 565 865 αρχοντων
589 805 643 846 των
666 807 774 847 aaaron
799 785 955 861 omnium,
986 797 1020 850 et
1039 811 1160 872 μωγιας
1180 813 1232 875 atp-

154 919 269 979 χοντων
289 891 466 980 sinoponus
489 913 670 980 eorumque
687 897 743 980 qui
765 897 820 982 (sc.
835 897 1010 984 pertinent)
1031 897 1074 964 ad
1088 909 1232 989 σφαιρων,

157 1011 240 1072 sicut
262 1005 447 1072 docuerunt
470 1027 526 1071 eos
556 1019 685 1095 αγγελοι
704 1009 911 1096 παραβωντες,
941 1025 974 1077 et
1002 1016 1029 1076 si
1051 1026 1232 1081 επικσιλωσιν

115 1147 129 1186 o
157 1125 271 1186 cosin
294 1123 360 1185 suis
387 1116 588 1206 μυστηριοις.
608 1143 693 1208 quae
723 1134 799 1186 sunt
828 1145 944 1188 eorum
970 1152 1086 1213 μαγιαι
1116 1129 1232 1206 malae,

156 1234 199 1300 ad
220 1231 429 1322 impedienda
451 1233 598 1300 facinora
618 1233 708 1300 hona
733 1275 769 1285 -
796 1235 966 1323 perficient
994 1261 1032 1304 ea
1058 1241 1121 1306 hoc
1147 1255 1232 1307 tem-

155 1370 253 1437 pore,
276 1347 421 1413 necne?

246 1460 459 1548 Respondens
483 1457 515 1528 ta
529 1459 619 1526 Iesus
643 1461 724 1526 dixit
738 1463 873 1530 Mariae:
896 1464 971 1530 Non
993 1465 1162 1554 perficient
1184 1491 1231 1546 ea,
1279 1445 1282 1454 Ι

158 1578 243 1640 sicut
263 1573 473 1663 perficiebant
496 1598 534 1640 ea
556 1573 632 1641 inde
656 1575 698 1640 ab
720 1579 822 1653 initio,
849 1577 938 1664 quod
962 1578 1081 1644 ahstuli
1103 1595 1233 1668 partem

104 1715 130 1756 ro
157 1692 288 1754 tertiam
310 1692 345 1754 in
368 1711 483 1754 eorum
505 1692 548 1755 vi.
594 1689 660 1754 Sed
684 1695 800 1773 (atta)
824 1690 944 1756 sacient
971 1693 1102 1780 culpam
1124 1698 1159 1758 in
1181 1696 1231 1760 his

157 1807 213 1890 qui
239 1815 365 1869 norunt
390 1829 540 1891 μυστηριω
563 1828 684 1890 stayner
712 1802 829 1869 decimi
857 1808 942 1869 tertii
972 1832 1080 1877 aaaron
1129 1807 1230 1872 Perii·
1282 1807 1332 1880 30

156 1921 241 1982 cient
263 1940 303 1983 ea
324 1930 441 1994 καλως,
473 1931 639 1994 accurate,
671 1921 748 2005 quia
770 1941 838 1983 non
861 1917 980 1984 abstuli
1002 1924 1072 1987 vim
1092 1923 1127 1985 in
1149 1949 1231 2012 τοπῳ

154 2031 212 2095 illo
235 2057 318 2098 noto
336 2045 470 2099 κελευσιν
491 2034 588 2120 primi
609 2051 781 2118 μυστηριου.
924 2043 927 2050 ’

245 2144 384 2210 Factrrm
404 2165 488 2212 vero
507 2145 565 2229 (ds)
594 2160 658 2222 est,
695 2169 798 2232 quum
827 2159 984 2212 cessasset
1005 2147 1095 2214 Iesus
1125 2149 1232 2217 dicere

103 2283 129 2324 ts
155 2259 237 2324 haec
260 2258 374 2336 verba,
401 2263 545 2348 perrexit
566 2261 669 2324 Maria
693 2259 789 2324 dixit:
819 2263 865 2324 mi
890 2260 1035 2327 domine!
1073 2287 1154 2328 num
1177 2287 1230 2330 or·
1334 2257 1338 2267 ⁸

157 2373 321 2439 dinatores
343 2373 446 2439 horae
469 2387 502 2439 et
525 2373 737 2451 divinatores,
767 2397 849 2438 num
870 2376 1104 2442 monstrabunt
1124 2379 1230 2442 homi-

155 2488 250 2552 nibus
275 2487 365 2575 quod
388 2487 540 2551 futurum
563 2491 605 2552 sit
626 2491 664 2551 iis
687 2485 763 2552 inde
791 2488 831 2552 ab
861 2489 924 2554 hoc
951 2492 1122 2580 tempore?
1164 2492 1230 2558 Re-

157 2601 318 2690 spondeas
343 2615 456 2666 autem
484 2600 542 2684 (δε)
570 2600 660 2666 Iesus
690 2601 772 2666 dixit
793 2603 929 2669 Mariae:
960 2603 996 2669 Si
1024 2605 1230 2672 ordinatores
1281 2589 1286 2600 ⁴

154 2715 255 2781 horae
284 2715 457 2781 inciderint
484 2719 520 2779 in
550 2714 725 2802 εἱμαρμενην
758 2729 791 2782 et
820 2726 955 2806 adarpios
992 2741 1165 2785 conversas
1195 2724 1231 2784 in

15 2899 16 2902 Ἴ
103 2853 131 2894 ao
156 2833 191 2893 in
221 2833 386 2895 sinistram
416 2855 498 2896 aava
527 2833 669 2917 primam
700 2851 814 2894 earum
847 2819 1103 2910 emanationem,
1144 2833 1231 2898 dicta

157 2967 216 3008 sua
239 2969 361 3030 caetra
385 2958 418 3008 et
440 2942 547 3008 dicent
570 2942 661 3030 quod
683 2955 816 3031 oportet
837 2944 922 3022 iieri3
947 2949 997 3009 sin
1009 2967 1091 3011 vero
1107 2971 1231 3034 aratra

157 3055 317 3147 εἷμαρμενῃ
348 3069 406 3120 aut
428 3066 547 3146 σφαιρφ
578 3060 742 3123 conversis
771 3060 806 3120 in
830 3055 995 3135 dextram,
1030 3057 1121 3123 haud
1148 3081 1231 3123 nan-

157 3173 322 3236 ciscuntur
352 3169 530 3258 quidquam
556 3176 640 3250 veri,
668 3174 825 3258 quoniam
848 3175 994 3237 converti
1017 3194 1131 3237 earum
1153 3199 1229 3238 aaa·

156 3297 334 3368 τελεσματω
368 3298 401 3349 et
432 3307 545 3351 earmn
580 3299 723 3373 quatuor
757 3285 910 3373 angulos,
951 3307 1130 3372 earumque
1162 3299 1229 3352 tres

103 3421 129 3462 aa
157 3398 308 3486 angulos,
338 3413 370 3464 et
392 3421 505 3465 earum
529 3412 603 3465 octo
627 3400 762 3488 figuram
789 3398 884 3476 επειὸη
906 3414 1095 3465 manserant
1117 3423 1231 3468 earnm

155 3527 394 3599 αποτελεσμωτα.
418 3513 460 3579 ab
483 3518 574 3579 initio
603 3535 761 3582 conversa
787 3518 823 3580 in
845 3519 1023 3593 sinistram,
1051 3539 1232 3603 earumque

155 3641 298 3714 quatuor
327 3629 451 3716 anguli,
487 3651 667 3715 earumque
696 3643 764 3694 tres
788 3630 912 3718 anguli,
945 3644 978 3696 et
1009 3644 1084 3696 octo
1116 3654 1231 3700 earum

153 3744 286 3829 figurae.
330 3743 426 3807 Nunc
454 3755 566 3807 autem
589 3740 646 3825 (δε)
673 3744 801 3809 reddidi
829 3767 884 3810 eas
913 3767 970 3808 sex
995 3768 1123 3810 menses
1152 3768 1229 3810 con·

154 3877 267 3919 versas
289 3859 326 3919 in
348 3859 512 3922 sinistram
535 3869 568 3923 et
591 3879 648 3923 sex
669 3880 796 3924 menses
818 3880 991 3925 conversas
1013 3860 1048 3922 in
1071 3856 1229 3922 dextram

238 4025 269 4084 2.
292 4025 377 4086 Inter
395 4051 542 4112 αρχοντων
564 4042 595 4091 et
615 4054 669 4089 των
690 4031 767 4108 (add.
791 4030 924 4090 omnium
938 4029 987 4104 Ρ.)
1029 4027 1059 4085 4.
1082 4026 1160 4084 sicut
1181 4026 1231 4103 (ad

154 4123 293 4186 verbnm:
314 4149 391 4184 narce
411 4127 542 4206 modum,
564 4152 623 4210 qno
637 4131 687 4207 P.)
731 4131 780 4189 10.
804 4127 920 4210 cuipam
941 4124 1160 4207 (praetextumi
1181 4126 1230 4206 P.)

155 4226 205 4286 11.
229 4249 328 4290 αιωνος
354 4225 430 4304 (add.
457 4240 489 4289 et
514 4229 539 4290 si
564 4240 720 4289 επικαλωσι
740 4253 878 4315 μυστηρια
898 4250 1008 4304 carycas
1029 4246 1150 4304 eorum,
1178 4227 1231 4309 qui

155 4347 178 4386 s.
201 4345 275 4406 quae
297 4339 368 4388 sunt
388 4329 420 4390 in
435 4329 550 4392 decimo
563 4331 658 4393 tertio
672 4353 760 4410 mort,
780 4327 829 4408 Ρ.)
875 4324 925 4389 15.
948 4349 1020 4390 num
1034 4325 1097 4410 (vei
1111 4329 1230 4410 potius:
1343 4393 1346 4400 ,

154 4446 191 4486 an
211 4447 273 4489 non
298 4427 347 4506 P.)
