3240 5328
954 447 1021 516 att

450 631 540 696 tione
565 629 726 704 universi,
757 639 791 692 et
817 639 895 714 poet
922 628 1162 692 emanationem
1189 623 1292 691 (licam
1316 624 1399 692 vobit
1421 630 1474 692 nri·

449 764 598 820 versum,
629 753 830 830 quapropter
856 741 1070 806 haecomnia
1096 739 1280 816 laetasint,
1308 753 1339 804 et
1362 743 1385 804 ei
1402 740 1475 804 vultis
1556 779 1557 850 p

450 884 532 934 reru,
559 878 620 943 cgo
645 879 718 920 sum
740 880 897 940 μυστηριον
918 853 1008 918 illud'.
1053 853 1146 920 Nunc
1168 856 1263 940 igitur
1288 880 1332 920 ιυν
1351 865 1476 936 lentona

449 970 624 1059 perficiunt
644 969 812 1034 hominem
833 981 941 1033 toturn
966 982 999 1032 et
1020 967 1079 1032 hae
1102 965 1276 1054 apparatae
1297 987 1409 1040 omnes,
1427 968 1476 1050 qui·
1556 955 1557 1008 l

336 1073 411 1145 3l9
448 1083 511 1150 bus
540 1092 732 1170 εσῲριιγισιιν
760 1104 867 1166 rupen
896 1096 1059 1168 λιιτιυργιι
1086 1095 1221 1169 portant
1248 1078 1312 1148 ιδιον
1338 1101 1430 1152 omne,
1450 1090 1506 1140 uta

452 1197 573 1261 ducant
594 1219 632 1261 ea
661 1221 807 1280 αρχιυσιν
830 1193 981 1260 omnibus
1010 1220 1151 1278 ιριιιιιιις,
1183 1197 1239 1282 qui
1266 1215 1355 1280 super
1375 1205 1479 1259 mmet
1556 1247 1557 1260 ,

452 1331 565 1374 omnes
587 1334 714 1394 κρισιων,
743 1321 777 1373 et
803 1308 837 1372 hi
861 1306 941 1372 dant
970 1330 1008 1372 ea
1031 1312 1097 1374 suis
1120 1323 1364 1392 παραλημπιιις,
1389 1319 1421 1368 ut
1438 1302 1479 1366 du·

450 1433 525 1486 eant
548 1442 622 1486 suaa
638 1418 755 1509 ψυχας
778 1443 796 1486 c
818 1446 964 1505 σωμιισιν,
987 1421 1030 1498 hi,
1055 1422 1173 1508 quibua
1194 1419 1309 1486 dedere
1331 1419 1389 1486 riae·
1405 1427 1480 1504 σφρι·
1556 1427 1557 1470 l

449 1531 549 1621 γιδων,
572 1549 611 1599 ut
633 1547 831 1622 cognoscant
852 1547 992 1622 tempus,
1016 1557 1082 1621 quo
1108 1534 1230 1600 ducant
1249 1532 1386 1622 φνχιιω
1409 1553 1481 1596 era·

450 1673 555 1736 μασιν,
586 1661 619 1714 ct
645 1661 684 1712 ut
713 1661 912 1736 cognoscant
937 1662 1084 1736 tempus,
1122 1671 1190 1735 quo
1220 1647 1336 1713 ducant
1354 1644 1450 1732 ψιχιι
1468 1664 1510 1706 er
1556 1621 1557 1710 l

451 1787 603 1842 σωμωσιν,
626 1775 665 1824 ut
687 1775 885 1849 cognoscant
905 1775 1050 1850 tempus,
1078 1784 1144 1849 quo
1167 1763 1389 1850 progenuerint
1407 1781 1482 1838 ιωμι,

449 1889 489 1942 ut
510 1878 643 1939 mittant
665 1897 742 1940 auos
758 1888 953 1963 λειτουργιυς,
975 1889 1015 1940 ut
1037 1888 1138 1952 stent,
1163 1890 1202 1940 ut
1222 1869 1483 1959 calculantium,

450 2002 490 2054 ut
511 1989 620 2054 lerant
640 1992 864 2054 testimonium
892 2003 1102 2077 peccatorum
1130 1993 1294 2066 omnium,
1322 2007 1397 2073 quae
1420 2003 1484 2047 con·

450 2104 587 2179 miserit,
617 2105 671 2166 isti
694 2116 728 2167 ct
750 2129 906 2188 αντιμιμον
924 2129 1093 2186 πνευματος
1118 2118 1258 2192 propter
1279 2101 1416 2175 modum,
1438 2117 1483 2182 quo

449 2225 619 2280 κολωσωσιν
643 2238 715 2281 eam
737 2219 772 2279 in
793 2241 899 2303 reprom
924 2231 957 2282 et
979 2239 1082 2304 quum
1104 2230 1269 2303 λειτουργιι
1291 2214 1423 2280 dederint
1437 2207 1511 2274 tlttrr

449 2325 624 2413 rppaytlwr
644 2353 789 2413 ιιρχουσιν
809 2354 944 2414 operatore,
965 2357 1171 2416 ιινιιχωρουσιν
1195 2331 1242 2396 ad
1263 2355 1413 2413 οικινιμιιιν
1431 2345 1484 2388 suo·

449 2461 525 2504 rum
548 2462 700 2527 operum,
733 2465 817 2528 quae
840 2456 964 2508 statuta
988 2457 1065 2508 sunt
1092 2447 1130 2508 iia
1156 2443 1198 2508 ab
1232 2469 1358 2530 αρχιυσι
1381 2457 1484 2525 magunt

449 2553 639 2639 ιὶμιιρμενης,
669 2569 702 2619 et
725 2579 827 2642 quum
857 2557 1058 2643 expleverint
1084 2579 1261 2624 numerum
1287 2559 1432 2622 mensium
1448 2571 1483 2638 gc
1556 2541 1557 2590 l

448 2668 625 2730 uenationis
648 2666 796 2744 infantis,
824 2683 1017 2757 procreatur
1039 2671 1161 2748 infans,
1189 2675 1307 2759 exiguo
1328 2674 1361 2734 in
1381 2690 1414 2733 eo
1433 2688 1485 2748 W

447 2803 525 2863 μωτι
547 2781 597 2842 vis
620 2792 653 2845 et
676 2783 791 2868 exigua
813 2785 848 2846 in
870 2806 909 2847 ea
931 2782 1036 2875 ψυχῃ,
1064 2799 1162 2871 atque
1185 2790 1303 2872 exiguo
1324 2789 1357 2849 in
1376 2805 1410 2846 eo
1429 2796 1513 2846 auor

447 2915 537 2978 μιμῳ
555 2919 738 2976 πνευματος
760 2922 853 2982 μοιμοι
875 2921 993 2984 magna
1016 2912 1079 2975 cst,
1102 2897 1192 2962 haud
1211 2901 1358 2964 immixta
1368 2900 1400 2960 in
1411 2915 1487 2976 capt

334 2995 409 3068 350
449 3028 489 3070 ex
509 3005 642 3070 illorum
665 3035 822 3096 otnovoptup,
841 3011 1135 3078 ωλλάκιλιυθιυσιι
1156 3027 1237 3100 post
1251 3010 1358 3101 ψυχην
1376 3023 1405 3074 et
1420 3027 1488 3088 rapt

449 3133 482 3183 et
505 3146 662 3204 αντιμιμον
682 3148 851 3205 πνευματος
874 3121 926 3194 ἕως
954 3146 1059 3211 usque
1089 3125 1132 3190 ad
1160 3139 1309 3214 tempus,
1339 3145 1398 3212 quo
1417 3119 1487 3206 ψυχι

449 3233 554 3298 exite
578 3259 697 3316 σωμωτι
720 3250 857 3323 propter
872 3263 960 3303 wara
983 3241 1108 3316 mortis,
1132 3261 1198 3326 quo
1216 3241 1342 3306 occidet
1360 3229 1486 3304 eumaal'

447 3343 527 3422 hoe,
558 3347 648 3432 quod
671 3347 870 3414 destinatum
898 3354 926 3416 ei
954 3350 995 3414 ab
1018 3379 1149 3436 ιιρχιυσι
1177 3375 1317 3441 magnae
1339 3353 1515 3434 ιὲααμμιιιιιῐ

447 3465 515 3522 Em
542 3463 721 3526 moriturus
751 3475 801 3527 cot
827 3485 887 3550 per
915 3463 1011 3550 θηριον,
1039 3491 1131 3549 papa
1157 3491 1226 3551 αγει
1254 3467 1344 3551 baptor
1364 3465 1488 3530 adversus

367 3581 384 3600 ·'
448 3588 534 3642 eum,
558 3569 661 3633 donec
685 3575 838 3638 occiderit
860 3598 945 3654 eum,
969 3593 1027 3644 aut
1048 3582 1228 3645 moriturus
1253 3595 1305 3646 est
1325 3603 1381 3669 per
1394 3571 1489 3665 reptile

448 3693 507 3744 aut
528 3680 703 3766 illapsurus
726 3687 760 3748 in
782 3685 914 3752 foveam
938 3690 980 3755 ad
1004 3695 1155 3769 exitium,
1179 3707 1239 3758 aut
1260 3693 1488 3780 strangulatur

447 3807 551 3860 temet
571 3797 694 3883 ipsum,
725 3813 783 3864 aut
804 3805 984 3869 moriturus
1006 3808 1041 3870 in
1065 3829 1165 3892 aqua,
1196 3820 1254 3872 aut
1277 3830 1337 3896 per
1358 3808 1430 3873 haee
1446 3801 1489 3864 hu·

445 3908 639 3986 iuacemodi‚
664 3926 722 3976 aut
743 3927 850 3979 morte
872 3920 976 4002 pciori
998 3918 1048 3982 his
1071 3934 1130 3984 aut
1145 3919 1287 3998 meliori,
1311 3917 1395 4008 ἁπαξ
1409 3922 1517 3983 driu!

444 4046 537 4109 μοιριι
560 4037 618 4099 est,
642 4047 726 4110 quae
749 4029 915 4114 αναγκαζιι
938 4033 1006 4096 cius
1029 4046 1171 4098 mortem
1192 4037 1227 4099 in
1249 4057 1336 4100 eum.
1376 4033 1439 4098 Hoc
1456 4035 1491 4090 etl
1556 4067 1557 4078 ι

527 4166 557 4224 9.
580 4164 601 4206 *
615 4167 752 4227 Forsitan
773 4191 829 4250 pro
851 4171 933 4231 eloi«
947 4177 1001 4254 gii,
1025 4195 1079 4250 ex,
1102 4177 1182 4255 quod
1203 4177 1233 4236 in
1255 4189 1398 4258 sequente
1417 4189 1490 4234 enun-

445 4261 572 4323 ciationc
595 4267 720 4327 eundern
736 4289 854 4330 sensum
877 4271 1038 4350 praebente
1059 4275 1198 4351 recurrit,
1225 4277 1383 4358 legendum
1403 4261 1488 4352 eppei

444 4361 498 4440 ἰῇ,
520 4359 566 4419 in.
618 4365 668 4424 tt.
691 4378 726 4426 nt
748 4383 931 4451 cognoscant
952 4372 998 4448 (et
1019 4384 1055 4434 ut
1075 4386 1257 4458 cognoscant
1277 4375 1328 4453 Ρ.)
