3254 5340
124 661 178 724 isti
202 677 333 734 omnes,
362 667 396 720 et
417 679 500 720 τοποι
524 675 637 720 omnes
663 657 843 740 ύμνωπυη
871 677 982 724 eoram
1010 659 1121 738 vobis,
1151 660 1204 734 ine

124 793 231 858 usque
254 770 335 835 dum
357 771 511 834 veneritis
533 771 568 832 in
589 793 676 834 τοπον
698 773 799 856 regni.
820 811 823 818 ·
844 771 934 836 Haeo
956 776 1054 860 igitur
1077 779 1203 842 dicente

126 912 243 966 omps,
281 884 436 971 cognovit
463 881 612 946 Andreas
643 891 789 969 φανερωι,
827 912 859 950 eu
884 913 971 968 μονον
1001 891 1078 966 iste,
1113 903 1204 956 αλλσ.

128 1011 353 1086 cognoverunt
376 1017 490 1060 omnes
505 996 639 1076 μαθηται
658 1010 754 1074 recte,
779 1019 813 1062 se
828 1015 1051 1080 ntepovonnem
1066 1025 1204 1088 regnum

70 1138 87 1178 ι
126 1112 268 1189 luminis3
292 1123 544 1198 prostraverunt
567 1132 601 1174 se
625 1132 738 1175 omnes
760 1113 852 1176 iuxta
876 1134 911 1177 se
932 1116 1071 1179 invicem
1090 1115 1132 1179 ad
1147 1138 1205 1203 pe·

128 1224 186 1292 des
208 1225 297 1302 lesu,
329 1225 546 1290 exclamantes
569 1223 744 1299 fleverunt,
772 1241 984 1306 παρεκαλεσαν
1009 1255 1125 1310 σωτῆρι
1155 1229 1203 1293 di·

129 1353 252 1405 centes:
298 1338 444 1414 domine,
483 1341 613 1403 remitte
647 1351 817 1425 peccatum
853 1341 1055 1426 ignorantiae
1088 1355 1219 1423 nostru

129 1452 235 1516 fratri.
286 1451 500 1538 Respondens
530 1477 624 1535 σωτηρ
655 1449 748 1516 dixit:
785 1455 917 1517 remitto
955 1467 989 1518 et
1022 1459 1204 1534 remittum3

130 1577 267 1652 propter
287 1564 349 1629 hoc
372 1567 468 1652 igitur
490 1568 579 1629 misit
605 1587 658 1629 me
679 1567 823 1652 primum
845 1593 1011 1653 μυπηριον,
1033 1581 1072 1632 ut
1092 1572 1204 1634 remit·

1 1717 3 1750 1
75 1704 104 1747 ιο
130 1693 234 1746 terem
256 1693 390 1766 peccata
411 1682 589 1766 unicuique
623 1715 660 1728 -
712 1715 749 1728 —
801 1715 838 1728 -

471 1913 566 1991 Μερος
589 1931 707 1990 τευχων
730 1929 863 1992 σωτῆρος.

132 2145 166 2196 et
193 2133 249 2216 qui
278 2129 366 2216 digni
394 2157 576 2212 μυστηριοις,
611 2153 695 2218 quae
725 2157 853 2197 uernum
883 2134 918 2196 in
946 2130 1119 2210 meffabili,
1151 2136 1206 2199 isti

1 2292 2 2300 η
79 2272 105 2313 1⁵
134 2259 224 2321 sunt,
248 2247 303 2331 qui
326 2243 414 2308 haud
437 2243 585 2325 προηλθον.
629 2245 673 2308 Hi
696 2258 773 2309 sunt
795 2258 869 2310 ante
885 2248 1028 2331 primum
1039 2274 1205 2328 μυστκρων,

132 2373 165 2425 et
175 2386 258 2425 κατα.
270 2357 513 2423 similitudinem
524 2371 558 2423 et
570 2385 629 2424 ισον
640 2359 741 2434 verbi,
758 2373 795 2424 ut
806 2360 991 2444 intelligatis
999 2360 1100 2447 (νοητ.)
1108 2360 1205 2438 istud,

128 2477 280 2541 timuisti
303 2485 380 2536 sunt
401 2491 482 2554 μεΛη
505 2470 689 2550 ineffabilis,
714 2487 746 2538 et
767 2474 1027 2560 unumquodque
1053 2489 1100 2538 est
1123 2501 1207 2542 κατα.

127 2615 214 2672 etum
242 2608 321 2652 suae
350 2585 488 2672 gloriae,
519 2600 619 2674 eaput
646 2613 728 2652 nem
753 2613 840 2671 τιμην
870 2591 999 2675 eapitis,
1031 2601 1064 2652 et
1093 2587 1206 2652 oculus

130 2727 214 2767 mea
234 2727 320 2784 τιμην
344 2699 515 2764 oculorum
538 2714 572 2765 et
598 2702 685 2765 auris
713 2727 796 2766 κιτα.
819 2728 904 2778 emm
935 2705 1065 2765 aurium
1095 2716 1128 2767 et
1155 2724 1207 2767 re·
1246 2695 1320 2771 953

1 2869 3 2902 ᾗ
77 2839 105 2880 ι
131 2815 224 2900 liqna
245 2828 342 2898 μιλη,
366 2815 441 2878 ὥστε
469 2816 511 2877 sit
538 2836 589 2878 res
616 2813 802 2878 manifesta:
833 2814 1076 2879 multitudinem
1105 2831 1207 2898 μελων

131 2949 218 3004 esse,
248 2939 338 2992 ιλλσ.
357 2952 450 3006 euna.
473 2949 586 2992 unum.
630 2927 702 2991 Hoc
724 2954 779 3008 μεν
808 2924 880 2990 dico
908 2929 943 2988 in
971 2926 1207 3010 παραδειγματι,

131 3056 166 3108 et
188 3069 244 3127 ισῳ
268 3053 301 3106 et
323 3040 546 3118 similitudine,
577 3054 667 3106 ιλλα.
690 3062 757 3104 non
783 3043 818 3102 in
840 3037 964 3125 ωληθειφ
984 3048 1116 3121 mmmm,
1142 3065 1208 3105 tun

129 3156 273 3222 revelavi
296 3155 435 3220 verbum
459 3157 493 3218 in
514 3157 662 3232 veritate,
686 3167 776 3220 αλλσ.
795 3179 950 3234 μυστηριον
967 3149 1151 3227 ineffabilis,
1175 3165 1208 3217 et

131 3283 226 3353 μιλος
249 3268 399 3354 quodvis,
424 3267 513 3354 quod
536 3271 571 3332 in
594 3290 632 3333 eo
656 3295 738 3334 xm
757 3265 906 3340 verbum,
930 3287 996 3349 quo
1021 3268 1208 3352 comparavi

80 3405 108 3448 π
133 3380 232 3456 istud,
256 3395 333 3444 sunt
353 3385 416 3456 isti,
440 3385 496 3467 qui
519 3407 647 3446 κατοικει
669 3385 704 3444 in
721 3407 872 3466 μυστηριῳ
886 3377 1077 3455 ineffabilis;
1101 3391 1135 3443 et
1152 3380 1209 3464 qui

133 3522 263 3562 noenum
285 3497 396 3571 ineo,
419 3507 517 3580 atque
542 3498 640 3559 etiam
662 3497 727 3558 tria
748 3521 938 3578 χωρηματιι,
968 3515 1052 3578 quae
1075 3505 1151 3580 post
1174 3514 1208 3557 se

132 3635 216 3676 mm
233 3634 402 3694 μυστηριον,
424 3608 504 3672 haee
529 3612 638 3672 omnia
665 3612 700 3672 in
729 3609 855 3696 αλκθειφ
884 3620 917 3672 et
945 3611 1092 3672 veritate.
1136 3607 1208 3694 Ego

216 3761 267 3822 14.
290 3763 339 3822 isti
358 3765 448 3840 (quae
464 3761 539 3822 ista?
555 3763 602 3838 P.)
645 3762 695 3822 15.
718 3765 768 3844 qui
784 3762 892 3843 (quaei
907 3763 955 3829 Ρ.)
978 3797 1018 3809 -
1041 3762 1079 3818 Hi
1095 3759 1210 3832 (Haeci’

134 3861 185 3934 Ρ.)
245 3859 295 3918 17.
319 3861 369 3918 isti
391 3861 480 3936 (istud
502 3862 550 3938 P.)
612 3862 663 3922 23.
687 3863 831 3942 Equidem
853 3862 931 3919 hunc
955 3860 1052 3917 iocum
1075 3858 1117 3914 sic
1143 3877 1210 3912 ver-

135 3957 260 4018 tendum
285 3958 423 4018 dixerim:
451 3961 480 4020 in
504 3963 645 4035 veritate,
671 3971 748 4019 aaa
773 3981 922 4042 μυπηριου
951 3955 1035 4014 ineis.
1058 3966 1089 4013 et
1109 3961 1211 4018 μελους

138 4058 326 4118 cuiusvis-
346 4069 433 4138 etque
455 4062 542 4122 etiam
564 4063 655 4120 trium
676 4081 865 4144 χωρηματων,
892 4077 966 4134 quae
987 4063 1057 4132 post
1079 4073 1112 4112 ea
1134 4073 1210 4110 κατα

136 4180 275 4241 'semem
304 4156 375 4218 haec
401 4162 498 4220 omnia
524 4161 554 4219 in
577 4157 704 4234 αληθιιᾳ
725 4169 756 4218 et
777 4157 903 4216 veritate
924 4173 982 4236 ego
1005 4173 1068 4210 sum
1091 4163 1146 4211 etc.
1178 4151 1210 4211 Ρ.

135 4255 185 4315 25.
214 4269 285 4318 eunt
311 4256 437 4339 iniqui
463 4282 585 4319 κατοικει
612 4263 699 4338 (quae
721 4267 792 4316 sunt
819 4256 890 4330 ista,
918 4273 991 4332 quae
1017 4275 1139 4312 κατοικιι
1161 4251 1210 4328 P.)

134 4355 185 4416 26.
213 4357 265 4436 qui
286 4381 410 4417 κατοικιι
432 4363 521 4439 (quae
547 4380 668 4416 κατοικιι
690 4355 739 4432 Ρ.)
769 4389 810 4403 -
840 4363 911 4436 poti
937 4373 969 4414 te
995 4355 1080 4436 (poti
1100 4373 1135 4414 ee
1160 4351 1211 4428 Ρ.)

135 4449 187 4515 27.
208 4477 285 4516 neme
303 4477 455 4544 μυστηριον
480 4461 569 4539 (κατα
588 4477 728 4542 pennum
747 4455 798 4535 Ρ.)
