3254 5340
146 663 303 744 verbum,
340 661 432 752 quod
461 660 544 728 dixit
570 688 667 735 πιστιι
685 672 798 752 codsa:
831 675 865 730 et
891 663 1048 752 τριβιλαι
1070 662 1228 746 andedum

149 803 235 868 quae
257 792 408 868 pugnant
430 791 546 842 eontra
567 797 636 854 me,
659 790 817 849 εκωλυσιις
838 789 898 842 tuo
921 778 1059 856 lumine,
1083 794 1116 845 et
1137 779 1229 848 haud

148 908 332 983 potuerunt
367 892 634 981 adpropinquare
665 891 759 967 mihi,
795 905 828 956 et
856 891 1009 969 verbum,
1044 894 1135 980 quod
1169 907 1228 960 tua

148 1011 200 1074 vis
224 1007 318 1072 dixit:
343 1005 459 1092 „quod
482 1019 541 1069 tua
564 1004 662 1069 iacies
685 1026 816 1069 meeum
843 1019 914 1070 erat
936 1028 1069 1072 servans
1093 1030 1146 1073 me
1168 1022 1228 1074 tua

108 1149 123 1189 ι
149 1121 282 1206 χαριτι,”
305 1124 415 1208 ipsum
432 1133 483 1184 est
503 1117 659 1194 verbum,
684 1117 774 1204 quod
790 1118 870 1182 dixit
885 1144 982 1190 πιστις
1001 1129 1112 1207 todia:
1136 1121 1228 1207 quod

149 1249 247 1300 tuum
268 1234 382 1298 lumen
405 1247 476 1298 erat
497 1253 628 1298 meeum
651 1253 784 1296 servans
807 1253 860 1296 me
883 1246 942 1297 tua
965 1235 1107 1322 ιιπιρῤιιιι
1129 1233 1226 1298 lumi-

149 1353 214 1425 nis,
246 1363 279 1413 et
299 1347 453 1423 verbum,
485 1345 576 1432 quod
598 1359 657 1410 tua
678 1349 729 1410 vis
754 1345 850 1410 dixit:
874 1362 1087 1424 „contemnor
1110 1371 1227 1414 eorum

151 1461 360 1526 multitudiue
384 1475 417 1527 et
431 1464 640 1549 proiecerunt
662 1459 743 1535 me,”
766 1463 876 1548 ipsum
892 1475 943 1524 est
956 1460 1111 1537 verbum,
1135 1460 1228 1548 quod

152 1574 235 1640 dixit
263 1600 357 1644 mm
382 1584 492 1662 σιφιιιι
522 1573 712 1638 alliixerunt
740 1595 792 1638 me
822 1575 972 1658 πριβιλιιι
997 1574 1161 1651 aventem,
1193 1589 1227 1640 et

96 1716 123 1757 ιι
150 1688 360 1754 abstulerunt
380 1709 488 1751 meam
509 1689 577 1752 vim
601 1710 620 1750 a
648 1708 717 1763 me,
749 1699 782 1751 et
814 1699 980 1751 contemta
1009 1709 1083 1751 sum
1113 1709 1226 1754 eoram

147 1807 203 1879 iis,
233 1815 267 1866 et
292 1805 500 1890 proiecerunt
525 1823 579 1866 me
606 1803 642 1863 in
673 1800 753 1864 ehao
799 1813 965 1888 expertem
995 1801 1136 1864 luminis.
1180 1800 1226 1866 Et

146 1916 304 1992 verbum,
329 1913 419 2000 quod
439 1928 497 1978 tua
519 1917 568 1978 vis
593 1913 688 1979 dixit:
712 1913 787 1990 „fui
811 1917 895 1978 sieut
915 1913 1090 2001 plumbum
1113 1935 1226 1979 eoram

147 2031 224 2107 iis‚”
253 2033 363 2117 ipsum
386 2042 435 2093 est
455 2028 610 2104 verbum,
642 2027 733 2112 quod
757 2027 838 2091 dixit
859 2037 1090 2115 remissoque:
1122 2050 1226 2114 quum

149 2142 361 2208 abstulissent
381 2165 455 2208 mea
477 2143 602 2207 lumina
625 2164 644 2204 a
666 2163 734 2217 me,
758 2141 845 2205 laeta
868 2164 941 2206 sum
966 2144 1049 2205 sicut
1071 2145 1130 2216 ύλη
1151 2165 1225 2228 gra·

94 2284 122 2324 ιι
149 2260 200 2322 vis
224 2278 336 2321 eoram
356 2259 404 2320 iis.
449 2256 495 2322 Ει
515 2255 669 2333 verbum,
694 2255 784 2342 quod
806 2269 864 2319 tua
886 2258 935 2320 vis
952 2254 1046 2319 dixit:
1070 2269 1123 2332 „et
1138 2255 1225 2320 saeta

146 2371 227 2436 mihi
251 2383 300 2435 est
314 2372 364 2434 vis
388 2393 408 2434 a
423 2382 456 2434 te
472 2369 630 2434 adiuvans
654 2371 738 2445 me,’'
761 2373 870 2457 ipsum
891 2383 941 2434 est
955 2369 1109 2446 verbum,
1134 2369 1224 2455 quod
1265 2363 1339 2438 152

147 2485 228 2550 dixit
250 2511 347 2554 πιστις
367 2493 480 2572 eodan:
509 2497 542 2547 et
561 2497 640 2570 post
660 2484 740 2548 haec
762 2486 812 2547 vis
835 2484 967 2548 luminis
989 2487 1080 2548 venit
1102 2484 1180 2546 mihi
1204 2507 1225 2548 a

145 2613 178 2665 te
202 2621 337 2664 servans
361 2621 429 2674 me,
454 2609 487 2661 et
508 2597 662 2674 verbum,
687 2598 777 2683 quod
800 2611 858 2662 tua
880 2601 930 2662 vis
947 2597 1041 2662 dixit:
1065 2599 1224 2685 „posuisti

146 2713 296 2777 lucernas
320 2711 364 2776 ad
388 2711 546 2776 dextram.
563 2711 643 2774 mihi
674 2724 707 2775 et
735 2711 777 2775 ad
806 2714 971 2777 sinistram
998 2712 1092 2788 mihi,
1122 2725 1225 2778 utne

93 2853 121 2894 m
151 2825 335 2913 quidquam
358 2828 442 2889 eirea
464 2847 517 2888 me
534 2838 620 2889 esset
633 2809 765 2888 luminis
782 2825 929 2911 expers‚”
952 2827 1061 2911 ipsum
1085 2838 1223 2889 estve:-

146 2940 246 3015 bum,
285 2937 375 3023 quod
398 2937 477 3002 dixit
499 2963 595 3008 πιστις
615 2948 728 3026 todia:
759 2951 818 3000 tua
839 2939 889 3000 vis
911 2937 1043 3000 luminis
1073 2935 1116 2999 ad
1145 2937 1223 3001 dex·

147 3067 235 3117 tram
258 3051 337 3115 mihi
361 3065 395 3115 et
424 3050 465 3115 ad
496 3055 660 3116 sinistram
690 3051 769 3115 mihi
800 3062 833 3114 et
863 3047 1066 3113 circumdans
1096 3070 1150 3112 me
1181 3048 1223 3112 ab

148 3169 240 3232 omui
261 3178 372 3254 parte,
397 3179 497 3230 utne
521 3165 702 3252 quidquam
725 3167 809 3228 cirea
831 3185 884 3228 me
908 3175 993 3227 esset
1014 3163 1144 3226 luminis
1169 3184 1223 3227 ex·

148 3301 236 3368 pers,
260 3291 293 3343 et
314 3277 467 3356 verbum,
492 3279 582 3364 quod
605 3292 664 3342 tua
678 3281 728 3342 vis
745 3277 841 3342 dixit:
865 3301 1057 3354 ‚acuentes
1079 3298 1131 3340 me
1149 3297 1223 3340 um·

96 3419 123 3460 a:
150 3392 212 3458 bra
234 3407 310 3458 tuae
332 3392 604 3469 misericordiae‚''
628 3395 737 3479 ipsum
758 3395 878 3456 iterum
895 3405 945 3455 est
959 3389 1111 3465 verbum,
1133 3387 1225 3475 quod

148 3505 230 3572 dixit
252 3533 347 3580 πιστις
365 3517 477 3593 codes:
507 3519 540 3570 et
563 3504 716 3570 obtexisti
737 3528 791 3572 me
813 3505 935 3570 lumine
957 3519 1035 3570 tuae
1059 3507 1223 3592 ιιπιρῥιιιιι,

147 3635 180 3686 et
202 3621 358 3698 verbum,
391 3619 482 3707 quod
503 3632 563 3682 tua
584 3622 634 3684 vis
659 3618 752 3683 dixit:
776 3619 851 3696 „lui
874 3642 972 3707 super
994 3632 1101 3684 vestes
1131 3617 1224 3705 pelli-

147 3737 254 3810 ceas,”
277 3738 387 3822 ipsum
409 3737 530 3799 iterum
553 3745 603 3796 est
616 3733 771 3809 verbum,
795 3734 886 3820 quod
902 3735 983 3798 dixit
997 3742 1224 3824 πισιιςιιφιιιι

149 3860 183 3910 et
205 3851 369 3912 eiecerunt
399 3871 419 3910 a
440 3870 494 3912 me
524 3869 614 3912 meas
643 3851 724 3918 ὐλιις
755 3869 868 3912 omnes
898 3846 1011 3921 malas,
1042 3857 1075 3909 et
1098 3844 1224 3906 elevavi

95 3985 123 4026 ιι
151 3980 206 4023 eas
230 3971 289 4023 tuo
313 3959 444 4036 lumine,
468 3973 501 4024 et
522 3961 677 4037 verbum,
702 3959 792 4046 quod
814 3973 888 4022 tuas
911 3961 960 4022 vis
984 3955 1066 4019 dixit
1083 3975 1143 4041 per
1163 3953 1223 4016 Sa·

147 4071 334 4136 lomonem:
362 4085 446 4149 „tua
468 4073 583 4140 dextra
605 4073 761 4140 exaltavit
781 4093 836 4137 me
866 4083 900 4137 et
925 4067 1061 4134 abstulit
1087 4065 1223 4132 infirmi·

231 4323 282 4382 15.
303 4323 344 4384 Et
364 4325 490 4386 verbum
512 4327 567 4405 (Et
580 4323 704 4386 verbum
719 4343 821 4382 rursus
839 4321 889 4397 P.)
952 4317 1002 4378 16.
1025 4318 1122 4400 ipsum
1144 4317 1222 4400 (add.

147 4443 268 4505 quoque
289 4423 340 4504 Ρ.)
402 4425 455 4487 21.
478 4437 530 4488 tua
549 4426 595 4489 vis
617 4423 738 4486 luminis
759 4425 826 4504 (tua
845 4421 890 4484 vit
911 4416 1064 4502 splenduit
1084 4419 1135 4500 Ρ.)

997 4551 1021 4634 ὅ
