3296 5354
962 487 1007 556 50

537 670 676 738 Fretum
697 682 748 736 est
769 689 884 735 rursus
906 667 1085 756 posthaec
1107 665 1198 734 Iesus
1225 685 1365 754 pergens
1392 670 1427 730 in
1455 689 1529 733 ser-

444 807 546 852 mone
568 784 651 850 dixit
672 787 739 851 suis
761 783 924 870 μεθητειςι
946 807 1012 848 τετε
1033 781 1187 848 clamavit
1207 803 1339 846 sursum
1354 778 1398 844 ad
1412 781 1532 846 lumen

445 925 544 973 τιστις
567 907 675 989 rodite.
727 898 866 963 Remieit
894 897 969 962 ¹eius
999 910 1186 984 peecatum,
1217 893 1308 981 quod
1336 894 1529 980 relinquens

445 1037 545 1080 suum
566 1039 653 1080 rome
674 1015 766 1079 venit
792 1014 828 1076 in
858 1011 1035 1098 caliginem.
1086 1010 1178 1075 Dixit
1207 1022 1335 1075 sextam
1364 1034 1527 1093 μετενειεν

346 1115 396 1193 74
448 1127 558 1194 dicens
580 1128 643 1192 hoe
665 1125 781 1191 modo:
820 1128 962 1211 ,,ύμνιυω
987 1123 1064 1201 tibi,
1093 1122 1221 1200 lumen,
1254 1127 1290 1188 in
1315 1121 1450 1209 ealigine
1472 1125 1525 1187 in·
1553 1148 1566 1186 r

446 1242 550 1308 ferna.
593 1239 682 1306 Audi
702 1261 812 1304 meam
833 1263 1003 1324 pertentor,
1026 1249 1060 1302 et
1080 1250 1177 1302 tuum
1190 1236 1304 1302 lumen
1318 1234 1525 1302 animadver-

448 1358 509 1418 tito
527 1353 570 1418 ad
592 1352 769 1418 clamorem
792 1373 885 1418 meae
899 1333 1104 1440 precationis,
1126 1350 1248 1428 lumen,
1271 1353 1298 1415 si
1313 1349 1525 1416 recordatum

447 1489 483 1534 es
505 1469 569 1532 mei
590 1471 725 1555 peceati.
761 1465 861 1532 Haud
882 1468 1014 1532 veniam
1037 1477 1148 1532 eoram
1170 1479 1212 1542 te,
1233 1478 1266 1529 et
1280 1463 1443 1551 relinques
1458 1487 1523 1541 me,

448 1580 539 1669 quod
566 1594 621 1660 tu,
649 1580 778 1658 lumen,
809 1603 843 1645 es
873 1603 966 1646 meus
995 1579 1152 1645 liberator
1181 1591 1318 1667 propter
1339 1578 1451 1642 lumen
1472 1581 1524 1642 tui

446 1698 598 1762 nominis.
643 1694 774 1760 Credidi
796 1693 869 1772 tibi,
891 1694 1019 1772 lumen,
1043 1707 1077 1760 et
1098 1715 1172 1758 mea
1193 1695 1258 1770 vis,
1287 1717 1438 1758 επιστινσι
1460 1705 1520 1757 tuo
1549 1717 1572 1756 u

445 1835 609 1896 μυστηριῳ,
633 1821 733 1896 atque
756 1812 855 1874 etiam
877 1831 952 1874 mea
973 1811 1024 1872 vis
1048 1805 1186 1872 eredidit
1206 1807 1335 1883 lumini,
1359 1805 1449 1892 quod
1472 1821 1523 1872 est

445 1927 481 1990 in
514 1922 685 1992 altitudine
720 1935 754 1988 et
786 1921 924 1996 eredidit
957 1923 987 1988 ei
1020 1943 1154 1988 versans
1191 1923 1226 1985 in
1263 1919 1344 1986 choo
1382 1919 1521 1985 inferno.

446 2038 565 2104 Omnis
587 2042 652 2115 vis,
677 2059 761 2123 quae
784 2040 818 2100 in
840 2059 909 2115 me,
933 2036 1055 2102 credito
1079 2035 1210 2112 lumini,
1232 2037 1389 2100 'versante
1410 2055 1465 2099 me
1485 2038 1522 2099 in

444 2153 580 2239 ealigine
601 2150 738 2215 inferna.
782 2150 892 2238 Atque
915 2153 1014 2216 etiam
1038 2148 1196 2214 credunto
1225 2151 1267 2224 ei,
1294 2149 1435 2236 ‘quando
1463 2171 1521 2213 ve·

444 2268 554 2330 norint
574 2267 609 2328 in
630 2290 717 2329 rever
740 2263 936 2342 altitudinis,
968 2263 1141 2351 quodiste
1167 2261 1292 2328 videbit
1320 2275 1354 2327 et
1370 2262 1522 2327 'redimet
1549 2289 1573 2328 rs

445 2399 521 2454 nos,
551 2391 585 2442 et
606 2390 657 2442 est
677 2399 834 2463 magnum
856 2403 1014 2463 μυπηριον
1039 2377 1152 2442 salutis
1176 2379 1214 2441 ei.
1259 2376 1305 2442 Et
1325 2379 1387 2442 iste
1409 2399 1520 2442 serva·

443 2491 495 2556 bit
515 2493 601 2556 vires
625 2511 738 2556 omnes
767 2513 787 2554 a
810 2490 891 2556 ehao
921 2503 1057 2579 propter
1085 2513 1195 2557 meam
1216 2491 1406 2576 sepelieris,
1430 2479 1522 2577 quod

444 2604 562 2691 reliqui
584 2625 695 2668 meum
717 2631 818 2682 soror,
849 2607 924 2670 veni
952 2607 987 2668 in
1009 2605 1117 2670 chaos.
1163 2605 1256 2670 Nune
1284 2608 1396 2692 igitur,
1428 2608 1521 2670 euius

445 2744 510 2790 νους
532 2717 689 2794 sublimis,
712 2719 833 2786 vostro?
870 2717 1009 2783 Factum
1030 2721 1130 2806 igitur
1153 2733 1215 2796 est,
1244 2741 1347 2804 quum
1368 2719 1457 2785 Iesus
1480 2719 1520 2784 fi-

444 2834 547 2898 nisset
568 2831 674 2898 dicere
696 2832 775 2898 haee
798 2831 902 2899 verba
924 2836 991 2898 suis
1021 2832 1184 2916 μαθητεις,
1221 2832 1302 2896 dixit
1329 2836 1383 2898 iis:
1420 2859 1519 2910 νεειτε,
1546 2857 1572 2898 ι

445 2969 592 3033 quonam
620 2946 720 3012 modo
750 2946 870 3034 loquar
904 2946 1095 3012 vobiscum?
1144 2947 1341 3034 Progressus
1370 2946 1520 3013 Andreas

445 3057 540 3126 dixit:
570 3064 616 3126 mi
644 3059 792 3138 domine,
822 3075 959 3150 propter
994 3062 1191 3127 solutionem
1221 3075 1331 3126 sextae
1360 3087 1520 3142 μετενειες

443 3185 697 3264 ermessendem
717 3188 776 3239 tua
798 3178 847 3240 vis
875 3175 1006 3240 luminis
1037 3181 1237 3261 erpipnrsors
1263 3173 1342 3240 olim
1370 3197 1430 3264 per
1451 3175 1519 3240 Da-

343 3279 391 3360 75
443 3288 554 3354 videm
575 3291 609 3352 in
632 3293 807 3355 centesimo
830 3291 985 3355 vicesimo
1007 3310 1095 3354 nono
1114 3289 1245 3353 Psalmo
1270 3287 1392 3382 dicens:
1416 3288 1518 3367 „Cla-

443 3406 532 3467 mavi
555 3400 599 3465 ad
620 3415 667 3478 te,
696 3401 841 3478 domine,
868 3405 903 3465 in
924 3401 1107 3489 profundis.
1151 3402 1238 3468 Audi
1260 3425 1370 3468 meam
1391 3424 1517 3469 vocem.
1546 3429 1571 3468 rs

444 3515 539 3578 Tuae
566 3535 661 3578 altres
686 3513 971 3580 animadvertunto
996 3519 1031 3580 in
1058 3537 1174 3581 vocem
1196 3538 1289 3582 meae
1310 3521 1517 3604 precationis.

442 3624 597 3700 Domine,
629 3630 655 3690 si
686 3629 832 3691 animum
863 3627 989 3693 dederis
1025 3633 1060 3694 in
1088 3653 1164 3695 mea
1193 3643 1328 3718 peecata
1356 3631 1517 3720 (ενομιει),

443 3739 515 3825 quis
538 3743 661 3827 poterit
683 3741 790 3807 stare?
830 3743 916 3807 Nam
939 3755 988 3807 est
1010 3746 1158 3809 remissio
1184 3744 1273 3832 apud
1296 3757 1338 3810 te.
1376 3745 1518 3832 Propter

442 3866 539 3919 tuum
566 3875 688 3920 nomen
714 3859 861 3941 ὑπεμεινε
887 3869 936 3934 te,
975 3856 1122 3936 domine3
1161 3880 1235 3923 mea
1262 3853 1358 3945 ψυχη
1381 3863 1519 3943 despectet

441 3980 538 4034 tuum
559 3969 714 4049 verbum3
737 3993 811 4036 mea
833 3968 928 4058 ψυχη
946 3983 1056 4046 niens
1078 3970 1118 4036 de
1135 3970 1268 4037 domino
1284 3970 1361 4037 inde
1376 3995 1398 4044 a,
1418 3993 1514 4037 mane
1544 3994 1571 4035 n

441 4103 548 4168 usque
576 4083 619 4148 ad
644 4106 827 4172 vesperam.
871 4084 971 4150 lsrael
998 4085 1140 4173 ελπιζετω
1166 4084 1209 4152 de
1236 4084 1370 4151 domino
1398 4084 1474 4150 inde
1499 4108 1518 4150 a

441 4215 538 4261 mane
560 4218 666 4283 nsque
688 4197 731 4263 ad
745 4221 927 4287 vesperam,
950 4197 1041 4286 quod
1064 4198 1349 4264 estmisericordia
1365 4197 1516 4276 domin03

524 4425 554 4486 5.
577 4427 685 4498 simeon
700 4429 777 4509 (veh
795 4430 923 4503 ὑμιιευσα
935 4431 987 4513 P.)
1028 4431 1056 4493 8.
1078 4393 1333 4513 veniam(potero
1347 4431 1451 4494 venire
1465 4429 1516 4508 P.)
