3296 5354
932 404 976 470 66

416 585 527 654 Iacula
549 585 644 654 fortis
668 597 764 652 acuta
787 604 864 650 cum
886 579 1004 673 ιιθριξι
1028 579 1156 648 deserti.
1194 579 1265 646 Vae
1286 579 1380 657 mihi,
1404 579 1496 668 quod

416 723 529 768 meum
551 698 775 764 habitaculum
796 710 962 763 remotum
985 709 1042 762 est
1087 694 1242 760 Habitavi
1268 698 1303 760 in
1325 694 1495 760 habitacu-

416 815 457 882 lis
479 815 598 880 Kedar.
636 814 710 879 Mea
724 810 819 900 ψυχη
837 811 1008 877 deversata
1024 822 1074 874 est
1093 812 1128 874 in
1143 809 1254 873 multis
1269 809 1359 874 loeis.
1394 809 1496 874 Eram

416 955 549 1018 ιιριινιιιις
576 950 653 992 cum
682 929 788 994 exosis
818 951 930 1012 ιιριινιιν.
981 924 1095 1006 Quum
1123 923 1254 988 locutus
1284 945 1390 988 essem
1420 945 1496 986 cum

415 1045 470 1120 iis,
498 1054 688 1130 pugnarunt
710 1061 786 1103 cum
813 1061 868 1104 me
895 1041 963 1102 sine
993 1037 1118 1101 causa.'’
1163 1036 1255 1102 Haec
1276 1039 1375 1123 igitur
1397 1058 1493 1112 nune,
1519 1058 1531 1095 ι
1623 1033 1624 1086 i

417 1153 558 1231 domine,
583 1167 632 1219 eet
648 1153 767 1218 solutio
784 1152 927 1218 decimae
942 1176 1103 1237 μετινοιιις
1116 1160 1371 1238 remeatremeat,
1395 1173 1495 1236 quam

418 1267 514 1344 dixit,
545 1265 763 1354 affligentibus
786 1287 859 1330 eam
887 1265 1052 1350 πριβιλιις
1074 1268 1196 1336 timeas
1220 1262 1382 1340 eododem,
1412 1266 1495 1328 istae

418 1384 553 1469 eiusque
581 1384 631 1447 vis
662 1401 739 1444 cum
769 1379 852 1445 faeie
881 1381 1001 1457 leonis,
1041 1392 1074 1444 et
1097 1399 1200 1465 quum
1230 1377 1392 1456 εθιιβησιι
1422 1401 1495 1442 eam

416 1497 568 1562 maxime.
613 1494 703 1558 Dixit
726 1496 755 1558 ei
776 1493 881 1559 Iesus:
909 1519 978 1579 ιυγε
1000 1493 1096 1558 Petre
1119 1506 1153 1557 et
1174 1504 1286 1564 κιλως.
1330 1491 1421 1557 Haec
1444 1505 1494 1557 est

417 1607 537 1677 solutio
563 1608 706 1674 decimae
729 1633 888 1691 μετινιιιις
906 1631 1029 1677 nemeae
1047 1614 1169 1692 σοῲιιιι.
1522 1627 1545 1668 ιι

506 1721 649 1810 Pergens
672 1721 778 1786 adhue
793 1721 882 1786 Iesus
905 1725 939 1786 in
962 1742 1112 1786 sermone
1136 1719 1218 1784 dixit
1240 1721 1306 1783 suis
1329 1715 1493 1803 μιθητιιςι

416 1835 556 1901 Factum
583 1850 633 1901 est
660 1837 768 1922 igitur,
804 1857 908 1922 quum
936 1834 1063 1902 videret
1092 1837 1142 1900 vis
1173 1855 1248 1896 eum
1278 1832 1360 1898 facie
1390 1833 1494 1897 leonis

419 1949 739 2038 adpropinquantem
761 1970 814 2014 me
838 1948 881 2013 ad
903 1975 998 2014 πιστιν
1015 1956 1137 2034 cepres,
1162 1945 1350 2034 praeditum
1371 1946 1495 2012 lumine

418 2085 521 2150 φιιιιι
543 2065 696 2138 maxime,
718 2065 803 2126 irata
826 2075 876 2126 est
897 2064 1015 2149 magis,
1039 2074 1073 2127 et
1094 2061 1260 2147 προεβιλεν
1283 2083 1325 2126 ex
1347 2082 1380 2125 se
1396 2061 1495 2124 aliam

416 2175 660 2240 multitudinem
682 2175 836 2261 προβιλωι
855 2175 1098 2240 vehementium
1119 2177 1269 2239 maxime.
1314 2174 1374 2238 His
1395 2177 1494 2261 igitur
1524 2196 1547 2236 rs

417 2287 526 2364 factis,
562 2287 644 2352 dixit
675 2287 882 2352 undecimam
915 2313 1075 2370 μετωνοιιιν
1106 2311 1202 2358 τιστις
1235 2297 1332 2375 copto
1368 2287 1494 2352 dicens:

418 2401 533 2484 „Quid
556 2401 679 2466 exaltat
701 2423 735 2466 ee
758 2404 807 2466 vis
830 2401 930 2467 validi
952 2405 987 2466 in
1009 2402 1113 2467 malis.
1150 2402 1233 2466 Erat
1255 2405 1408 2489 cogitatio
1424 2404 1495 2466 eius

418 2514 587 2580 auferendi
608 2514 728 2591 lumen,
753 2513 844 2600 quod
865 2518 899 2578 in
914 2537 976 2591 me,
1001 2519 1090 2579 omni
1105 2529 1265 2603 tempore,
1289 2529 1387 2601 atque
1410 2517 1496 2578 sicut

305 2621 379 2694 102
417 2627 544 2694 ferrum
566 2627 737 2693 caedentes
761 2607 924 2693 abstulere
947 2631 1016 2694 vim
1037 2631 1156 2693 inme.
1195 2629 1339 2694 Praetuli
1361 2628 1494 2693 descen·

418 2741 496 2808 dere
518 2745 553 2807 in
576 2741 684 2820 chaos,
708 2765 809 2829 quam
830 2765 964 2808 manere
986 2746 1021 2806 in
1041 2742 1115 2807 loeo
1139 2742 1255 2808 decimi
1277 2745 1364 2807 tertii
1383 2767 1492 2818 ιιωιις,
1521 2765 1547 2805 ιι

416 2882 499 2944 resep
518 2855 709 2931 ὁικιιιισυνης.
753 2857 798 2922 Ει
819 2856 997 2922 voluerunt
1024 2879 1140 2944 capere
1170 2879 1224 2921 me
1255 2856 1332 2922 dolo
1365 2856 1407 2920 ad
1437 2855 1494 2920 de-

416 2969 603 3038 vorandum
625 2971 737 3035 lumen
759 2993 871 3035 meum
894 2993 999 3035 omne.
1037 2970 1177 3057 Propter
1191 2970 1255 3035 hoe
1269 2972 1367 3057 igitur
1381 2970 1495 3035 lumen

417 3084 546 3150 auferet
572 3107 687 3150 earum
713 3083 826 3148 lumen
854 3098 980 3160 totum,
1012 3097 1045 3148 et
1075 3082 1261 3148 destructur
1289 3106 1404 3149 earum
1431 3087 1493 3158 ὑλιι

415 3209 505 3275 ιοιιι,
536 3211 569 3262 et
592 3197 720 3263 auferet
743 3219 857 3262 earum
879 3197 1009 3273 lumen,
1040 3219 1146 3282 neque
1177 3201 1260 3262 sinet
1289 3220 1343 3264 eas
1367 3220 1436 3263 esse
1458 3201 1495 3262 iu

416 3309 542 3376 decimo
566 3315 664 3375 tertio
681 3337 774 3386 erare,
798 3332 913 3375 earum
929 3309 1126 3387 habitaculo,
1149 3333 1256 3398 neque
1272 3315 1356 3376 sinet
1378 3333 1493 3376 earum
1520 3335 1545 3374 ss

415 3445 538 3488 nomen
565 3425 600 3486 in
625 3449 708 3508 τιπῳ
737 3423 875 3498 horum,
907 3427 963 3509 qui
990 3427 1118 3502 vivent,
1151 3439 1184 3489 et
1213 3425 1372 3490 videbunt
1401 3427 1492 3500 haec,

416 3555 518 3620 quam
540 3531 628 3598 saeta
650 3548 727 3598 sunt
748 3534 816 3611 tibi,
841 3558 860 3600 o
884 3539 933 3600 vis
950 3559 1025 3603 cum
1047 3537 1129 3603 faeie
1145 3539 1258 3616 leonis,
1281 3543 1395 3626 viginti
1411 3563 1491 3626 qua·

414 3659 493 3712 tuor
515 3647 677 3734 ιιριβολιι,
707 3660 746 3713 ut
767 3652 920 3734 timeant,
946 3673 1029 3716 neve
1053 3654 1117 3716 sint
1138 3652 1377 3732 inobedientes,
1401 3667 1492 3720 ιλιι

415 3759 495 3827 dent
515 3765 694 3852 puritatem
716 3765 766 3827 sui
788 3763 933 3840 luminis,
957 3778 990 3830 et
1012 3765 1170 3832 videbunt
1192 3781 1241 3845 te,
1267 3781 1306 3832 ut
1328 3765 1492 3855 gaudeant
1623 3851 1624 3864 χ

413 3887 463 3954 te,
493 3890 533 3942 ut
555 3876 679 3942 dicant:
709 3899 764 3955 en,
795 3879 944 3965 προβιλη,
982 3903 1066 3966 quae
1088 3881 1178 3946 haud
1201 3881 1291 3947 dedit
1312 3885 1492 3970 puritatem
1521 3904 1548 3944 a·

414 3994 465 4056 sui
485 3991 628 4070 luminis,
650 4005 689 4056 ut
704 4007 899 4070 servaretur,
923 4005 1014 4062 ιλλιι
1029 3994 1188 4082 gloriatur
1204 3995 1245 4061 de
1268 4018 1307 4061 ea
1328 3999 1363 4060 in
1385 3996 1490 4061 multo

412 4103 536 4172 lumine
559 4127 638 4172 suae
665 4109 730 4184 vis,
758 4121 935 4198 propterea
963 4107 1054 4198 quod
1075 4108 1166 4176 haud
1187 4109 1355 4199 πριεβιιλιν
1385 4113 1421 4176 in
1447 4113 1491 4186 vi,

496 4333 547 4397 2⁷.
569 4357 656 4418 quam
677 4341 766 4422 (quae
786 4341 835 4420 Ρ.)
884 4343 934 4404 32.
955 4345 987 4404 in
1009 4345 1039 4406 vi
1061 4346 1143 4425 (evi
1165 4345 1214 4425 Ρ.)
