3240 5328
631 467 697 538 185

119 651 166 716 mi
189 646 331 726 domine,
354 662 405 716 est
426 652 572 736 primum
595 675 701 733 νοημα.
736 647 925 718 Secundum
941 647 1073 741 qnoque
1095 681 1200 742 νοημα,

121 763 211 850 quod
238 767 306 828 iam
330 764 440 828 dixisti
462 763 557 828 nobis
586 785 672 828 nunc
701 763 743 828 dc
765 761 862 856 ψυχῃ
886 769 1061 854 accipiente
1084 796 1200 852 μυστη-

119 900 190 963 ρωντ
227 899 331 962 quum
357 880 486 943 venerit
514 879 547 941 in
574 904 660 943 τοπον
682 903 834 960 amovear
855 882 928 944 viae
957 878 1070 956 medii,
1096 880 1202 946 'diace-

121 989 205 1054 dunt
228 1013 340 1055 coram
364 1013 398 1056 se
421 995 456 1055 in
478 994 623 1055 maximo
646 993 775 1066 timore,
798 1004 832 1055 et
853 990 948 1075 ψυχη
967 992 1025 1058 dat
1046 1022 1202 1079 μυστηριω

80 1127 95 1166 a
122 1106 249 1168 timoris
273 1107 316 1179 ei,
347 1117 381 1168 et
403 1107 498 1169 timet
521 1125 632 1168 coram
659 1125 708 1179 sc,
743 1117 776 1168 et
806 1103 863 1168 dat
884 1132 990 1188 μοιραν
1022 1129 1081 1172 suo
1110 1134 1200 1196 τοπῳ,

121 1231 155 1282 et
178 1215 235 1280 dat
258 1244 414 1298 αντιμιμον
434 1242 602 1298 πνευματος
627 1237 687 1279 suo
710 1243 806 1306 roro,
835 1230 868 1281 et
897 1217 954 1282 dat
976 1233 1145 1305 απολογιαν
1170 1235 1202 1286 et

122 1354 199 1396 suas
223 1331 398 1414 odiro-ylla<
425 1333 602 1416 unicuique
631 1343 797 1412 'amoveam
830 1334 887 1416 qui
914 1334 947 1396 in
974 1335 1051 1409 viis,
1083 1346 1116 1398 ct
1144 1332 1202 1398 dat

121 1471 210 1525 τιμην
240 1457 273 1508 et
301 1443 439 1529 gloriam
469 1457 502 1506 et
531 1444 691 1509 honorem
722 1466 856 1508 auarum
887 1445 1071 1531 σφραγιδων,
1102 1460 1201 1533 atque

121 1561 235 1640 ὐμνους
257 1557 307 1620 hie
331 1559 387 1641 qui
411 1557 597 1643 (pertinent)
622 1556 663 1621 ad
679 1583 784 1623 norror
804 1580 917 1624 omnes
939 1560 1079 1634 luminis,
1099 1597 1135 1608 -
1160 1559 1201 1626 dc

70 1697 97 1737 io
124 1672 188 1735 hoo
203 1669 316 1746 verbo,
338 1671 384 1734 mi
401 1669 542 1746 domine,
566 1670 673 1736 dixisti
695 1693 754 1757 per
776 1694 813 1736 os
831 1671 938 1749 Pauli,
962 1676 1065 1737 nostri
1081 1671 1201 1752 fratria,

124 1785 217 1851 olim:
241 1782 316 1848 date
338 1799 422 1853 τελος
444 1783 533 1860 huic,
561 1788 613 1848 cui
636 1784 811 1872 (convenit)
834 1801 927 1862 τελις,
952 1800 984 1850 et
1006 1785 1081 1850 datc
1104 1789 1200 1851 timo-

121 1921 204 1974 rem,
228 1901 280 1962 cui
302 1899 477 1985 (convenit)
501 1901 611 1974 timor,
639 1899 713 1964 date
738 1909 836 1985 φιρον,
861 1898 903 1963 ad
923 1923 1020 1986 quem
1037 1900 1200 1987 (pertinet)

123 2023 229 2101 φορος,
261 2025 294 2076 et
321 2012 397 2077 date
424 2040 526 2095 renni,
558 2011 601 2078 ad
629 1993 728 2099 quem
756 2015 919 2101 (pertinet)
947 2041 1034 2097 esne,
1065 2027 1098 2079 et
1126 2013 1200 2080 date

120 2129 294 2203 honorem,
316 2126 359 2191 ad
383 2149 482 2213 quem
505 2128 669 2213 (pertinet)
693 2127 815 2203 honor,
847 2141 880 2192 et
901 2150 941 2193 ne
965 2132 1082 2194 sumite
1106 2127 1200 2215 quid·

67 2269 94 2310 ro
123 2265 224 2330 quam
247 2240 343 2308 vobis
367 2240 409 2305 ab
433 2241 559 2327 aliqu03
583 2241 675 2328 quod
696 2242 774 2320 hoc,
797 2245 843 2306 mi
866 2242 1005 2319 domine,
1027 2241 1123 2329 doxa
1148 2264 1199 2308 ac·
1238 2237 1312 2311 295

120 2361 243 2446 cipiens
264 2383 422 2441 praereptor
445 2355 504 2420 dal.
527 2371 695 2440 ωπολογιαν
714 2383 808 2424 roaolt
833 2356 998 2434 omnibus,
1027 2356 1131 2444 quod,
1154 2360 1200 2422 nti

117 2473 266 2548 dominc,
290 2485 340 2536 est
363 2469 545 2535 secundum
568 2497 675 2544 venno.
707 2471 857 2535 Tertium
873 2492 1005 2558 quoque
1029 2499 1135 2555 νοημα,
1159 2471 1200 2536 de

116 2587 237 2663 verbo,
268 2584 358 2672 quod
388 2584 498 2654 dixisti
524 2583 619 2649 nobis
648 2585 740 2649 olim:
770 2611 927 2668 ωντιμιμον
947 2611 1114 2664 πνευματος
1137 2584 1201 2649 luit
1238 2599 1265 2648 i<

118 2701 224 2765 hortis
246 2697 375 2786 ψυχης,
403 2697 525 2763 iaciens
550 2703 753 2764 committere
777 2723 848 2764 eam
877 2715 1011 2788 peccata
1034 2703 1144 2765 omnia
1167 2713 1200 2766 et

64 2840 93 2882 ao
120 2813 201 2886 eoin
226 2817 352 2888 omnia,
383 2825 416 2876 et
438 2810 605 2898 redarguit
628 2836 701 2878 eam
727 2817 762 2876 in
789 2828 933 2880 κολωσεσι
961 2829 1097 2901 propter
1124 2837 1199 2900 pec·
1229 2811 1260 2864 Υ

121 2937 197 2994 cata
220 2929 339 3002 omnia,
364 2949 447 3012 quae
471 2929 643 3004 commisit,
665 2925 753 3014 ἁπαξ
774 2930 879 2993 dator
903 2939 952 2991 est
970 2929 1117 2990 inimicus
1133 2927 1198 3008 ψυ-

119 3069 185 3130 χης
207 3044 324 3128 quovis
340 3040 451 3117 modo,
470 3079 506 3090 -
535 3040 575 3105 de
598 3041 661 3105 hoo
676 3039 778 3105 verbo
803 3068 850 3106 ουν
872 3039 979 3106 dixisti
995 3039 1088 3104 nobis
1106 3039 1197 3105 olim:

119 3160 244 3224 inimici
266 3155 405 3220 hominis
429 3168 507 3220 sunt
528 3154 655 3220 incolae
678 3178 756 3220 suae
780 3155 914 3234 domus;
936 3155 1060 3219 incolae
1081 3153 1198 3222 domna

120 3271 233 3360 ψυχῆς
261 3283 338 3335 sunt
363 3297 520 3354 αντιμιμον
539 3295 707 3351 πνευματος
731 3283 764 3335 ct
785 3297 891 3352 μοιμοι,
922 3292 1005 3357 quac
1036 3283 1112 3334 sunt
1138 3271 1198 3334 ini·
1224 3257 1255 3306 λ

65 3411 93 3452 ao
122 3390 198 3454 mici
212 3385 322 3472 ψυχης
345 3388 434 3450 omni
457 3399 617 3472 tempore,
640 3383 791 3450 facientia
814 3407 886 3450 eam
906 3387 1108 3450 committere
1123 3407 1198 3472 pec·

120 3517 193 3568 cata
218 3504 328 3568 omnia
351 3513 384 3566 et
406 3524 534 3582 ανομιας
559 3521 687 3577 omncs,
717 3523 790 3568 ecce
813 3485 889 3579 hoc,
917 3505 961 3565 mi
985 3500 1125 3577 domine,
1149 3515 1199 3566 est

117 3620 253 3686 tertium
276 3643 384 3697 νημαι.
431 3614 597 3696 Quartum
623 3637 753 3704 quoque
777 3645 872 3702 νοημα
896 3617 936 3684 de
959 3615 1076 3692 verbo,
1108 3615 1199 3703 quod

119 3733 242 3797 dixisti:
266 3753 371 3817 quum
393 3731 521 3794 venerit
542 3727 637 3815 cloza
662 3752 679 3796 e
702 3759 831 3810 σωματι,
854 3733 976 3798 meabit
998 3735 1032 3795 in
1046 3733 1099 3794 via
1123 3753 1198 3794 cum

122 3871 274 3930 ηντιμιμῳ
292 3870 475 3920 πνευματος,
499 3856 533 3908 et
554 3867 656 3931 quum
678 3846 768 3910 haud
789 3850 947 3934 repererit
968 3868 1124 3925 μνττκριον
1144 3862 1197 3905 so·

64 3980 94 4022 co
121 3959 258 4026 lutionis
280 3955 487 4022 vinculorum
510 3961 658 4023 omnium
681 3981 879 4045 suarumque
902 3953 1087 4045 σφριγιδων,
1113 3976 1198 4039 quae

203 4109 232 4169 3.
255 4107 411 4168 discedunt
432 4111 506 4186 (‚,et
520 4111 697 4172 discedunt”
719 4110 768 4188 P.)
808 4109 837 4170 7.
860 4120 890 4168 et
911 4127 977 4167 suas
999 4101 1071 4180 (del.
1087 4105 1196 4180 ‚‚suas'’

117 4212 170 4288 P.)
224 4209 253 4272 8.
274 4229 392 4270 cunum
413 4211 484 4290 (del.
506 4212 677 4289 „snmnm”
699 4211 746 4287 P.)
796 4211 824 4271 9.
847 4208 930 4278 ὑμνον
951 4205 1066 4286 (ὕμνους
1087 4206 1133 4286 Ρ.)
1155 4243 1196 4258 -

117 4335 224 4374 τοπους
238 4314 337 4391 (voror
357 4311 406 4390 P.)
454 4311 504 4373 18.
525 4312 584 4374 luit
597 4317 659 4392 (cet
680 4310 728 4386 P.)
773 4309 824 4372 30.
846 4329 1022 4391 anuumque
1037 4308 1109 4390 (del.
1123 4331 1197 4390 „au-

118 4411 234 4494 arum,‘’
257 4421 288 4474 et
305 4411 424 4498 legator
443 4425 561 4477 tantam
583 4407 667 4492 „et”
689 4408 736 4488 P.)
