3296 5354
676 407 720 474 23

159 613 215 658 cas
240 609 297 658 sex
318 606 448 653 memes
472 606 647 654 conversas
668 589 704 650 in
725 587 890 654 sinistram
912 584 1066 656 facientes
1088 589 1236 658 facinora

159 723 297 772 suorum
328 713 599 786 αποτιλεσμωτων,
638 723 839 789 suorumque
872 728 1043 792 σχηματων
1078 707 1235 784 omnium,

157 833 198 886 ut
219 821 254 883 in
276 814 524 905 perturbatione
551 814 834 903 perturbarentur,
856 831 956 904 etque
977 821 1013 884 in
1033 830 1134 910 πλινῃ
1149 833 1234 888 πλα-

158 958 241 1000 coru
261 954 418 1018 αρχοντες,
449 931 505 1015 qui
528 931 661 994 suntin
682 954 793 1008 stores,
816 934 898 996 etin
920 954 981 998 sua
1002 941 1132 1022 spospcp,
1153 935 1235 999 etin

116 1071 130 1112 ι
159 1049 227 1112 suis
251 1045 363 1122 caelis,
393 1045 481 1109 etin
505 1045 571 1108 suis
593 1067 691 1116 sertas
714 1043 880 1122 omnibus,
909 1059 949 1112 ut
969 1067 1011 1112 ne
1034 1073 1117 1115 vcors
1140 1069 1235 1114 suam

157 1163 247 1226 viam
269 1160 340 1246 ipsi.

248 1273 386 1337 Factum
407 1270 506 1357 igitur
529 1282 592 1348 est,
621 1268 696 1336 Iesu
718 1285 864 1340 cessante
893 1270 999 1338 dicere
1020 1273 1100 1340 haec
1122 1274 1234 1353 verba,

159 1387 328 1473 Philippus
352 1383 466 1450 sedens
491 1387 618 1472 scripsit
645 1384 748 1450 verba
772 1388 896 1463 omnia,
928 1409 1012 1472 quac
1033 1387 1123 1454 lesus
1153 1387 1235 1454 dixit

164 1537 202 1550 -
235 1498 358 1564 factum
386 1493 571 1585 igiturest
601 1510 679 1586 post
712 1498 808 1576 haec,
842 1499 1010 1588 Philippus
1039 1523 1232 1590 progressus

105 1640 133 1682 ro
161 1615 340 1701 prostravit
369 1634 420 1689 se,
450 1610 601 1678 adoravit
629 1611 729 1700 pedes
757 1608 832 1678 lesu
861 1612 989 1678 dicense·
1018 1615 1063 1679 Mi
1091 1614 1232 1692 dominc,

158 1753 264 1814 σωτερ,
296 1725 339 1792 da
365 1722 503 1814 εξουσιαν
530 1726 610 1790 mihi
638 1725 795 1812 loquendi
826 1748 938 1792 coram
967 1740 1000 1792 te
1031 1740 1064 1793 et
1092 1731 1233 1793 interro-

158 1840 256 1929 gandi
277 1853 312 1905 te
332 1840 397 1906 hoc
419 1838 573 1916 verbum,
597 1838 687 1927 quod
703 1838 852 1905 nondum
867 1841 996 1906 locutus
1012 1862 1045 1906 es
1061 1840 1233 1908 nobiscum

160 1955 201 2021 dc
229 1979 341 2032 τοποις,
376 1957 413 2018 in
441 1975 524 2040 quos
551 1957 639 2020 ivisti
667 1968 804 2042 propter
833 1967 926 2020 tuam
954 1953 1110 2023 demoror.
1167 1955 1232 2020 Re-

160 2066 324 2156 spondens
354 2092 447 2156 σωτηρ
475 2071 659 2134 misericors
690 2067 772 2132 dixit
798 2059 965 2156 Philippos
1003 2065 1125 2157 εξουσια,
1155 2067 1233 2134 data

105 2209 132 2251 rs
159 2181 220 2246 tibi
242 2180 443 2269 proferendi,
477 2181 654 2268 quodvis,
687 2180 788 2248 verbi.
833 2181 1047 2270 Respondeas
1069 2205 1149 2248 vero
1173 2179 1234 2267 (dr)

158 2296 326 2384 Philippus
351 2293 432 2360 dixit
454 2293 542 2360 Iesu:
565 2295 610 2360 Mi
633 2294 778 2372 dominc,
801 2308 937 2384 propter
961 2296 1129 2383 quodnam
1150 2321 1233 2382 μυσ-

156 2435 247 2494 septas
275 2413 412 2476 mutasti
442 2409 682 2496 colligationem
711 2435 871 2497 αρχοντων,
906 2431 1087 2497 eorumque
1115 2436 1233 2488 cruror,

158 2546 340 2610 eorumque
362 2521 548 2610 εἱμαρμινης,
571 2532 912 2612 commutassemus,
936 2545 1116 2611 eorumque
1137 2550 1232 2592 sarna

159 2641 322 2715 omnium,
352 2650 451 2724 atque
474 2636 644 2704 reddidisti
668 2621 724 2704 eos
747 2636 958 2726 perturbatos
981 2641 1016 2703 in
1038 2661 1099 2704 sua
1120 2641 1175 2706 via
1199 2651 1233 2704 et

105 2779 131 2822 se
156 2766 295 2822 πλινωσι
324 2755 359 2816 in
387 2773 446 2818 suo
471 2747 586 2839 δρομῳ,
612 2787 648 2802 -··
674 2752 738 2818 hoo
767 2754 866 2838 igitur
895 2751 1001 2818 fecisti
1029 2755 1068 2818 iis
1096 2766 1234 2843 propter

157 2867 297 2936 salutem
320 2888 451 2949 κοσμου,
480 2885 540 2930 nec
562 2864 626 2930 ne?
880 2909 882 2914 -

246 2977 461 3066 Respondcns
484 2992 594 3044 autem
617 2975 674 3060 (dc)
697 2975 787 3042 Iesus
817 2975 898 3042 dixit
924 2975 1075 3064 Philippo
1105 2988 1139 3050 et
1166 3003 1232 3060 pe·

158 3091 258 3169 θηταις
287 3091 437 3156 omnihus
468 3093 579 3157 simul:
610 3092 737 3158 Mutari
766 3113 882 3156 eorum
911 3092 1000 3156 viam
1028 3091 1064 3154 in
1093 3088 1233 3154 salutem
1283 3087 1333 3161 33

159 3210 344 3272 ammarum
366 3203 507 3295 (duxero)
531 3209 692 3273 omniurn:
716 3230 806 3291 αμην,
830 3230 921 3292 apso,
945 3202 1017 3290 dico
1037 3201 1148 3281 vobis,
1171 3206 1233 3270 nisi

105 3348 133 3390 st
159 3333 340 3386 mutassem
368 3343 484 3388 eorum
515 3325 619 3399 viam,
655 3319 816 3409 perdituri
850 3331 958 3385 essent
989 3317 1234 3394 multitudinem

159 3438 343 3502 animarum
365 3433 518 3523 (ψυχων),
541 3448 575 3501 et
595 3437 829 3524 transegissent
841 3434 984 3500 multum
997 3445 1128 3521 tempus
1144 3437 1233 3520 (ffl-

157 3553 212 3636 νον)
237 3549 326 3616 haud
349 3551 450 3616 soluti
476 3575 618 3638 αρχοντες
637 3577 754 3627 osorem,
787 3563 821 3616 et
842 3573 984 3638 αρχοντες
1002 3547 1179 3636 circonstans
1201 3535 1237 3614 et·

157 3673 302 3753 sparsos,
325 3677 425 3750 atque
449 3663 549 3740 'etiam
571 3685 781 3734 eorummu
796 3686 924 3742 omncs,
948 3685 1127 3751 corumque
1144 3662 1233 3729 cacla

159 3780 285 3854 omnia,
315 3800 498 3864 corumque
524 3804 624 3852 acutas
651 3801 779 3858 omnes,
808 3801 964 3846 necnon
985 3775 1098 3864 ψνχωι
1124 3790 1232 3840 trans·

106 3915 133 3958 so
162 3892 303 3976 egissent
323 3891 467 3958 multum
489 3905 620 3982 tempus
644 3907 737 3960 extra
763 3893 850 3960 hunc
876 3893 1002 3968 lorum,
1036 3903 1136 3974 atque
1164 3907 1232 3953 ees-

158 4045 295 4128 pletione
316 4046 393 4126 (edd.
409 4059 473 4110 tota
487 4051 536 4130 P.)
585 4049 615 4112 4.
638 4052 670 4113 in
691 4071 743 4114 sua
764 4063 875 4134 σφαιρᾳ
896 4049 941 4126 (in
957 4045 1017 4106 suis
1033 4058 1169 4129 σφαιραις
1181 4043 1232 4122 P.)

157 4147 208 4208 20.
230 4157 359 4208 πλανωσι
380 4148 457 4230 (velt
479 4163 644 4226 επλανησαν
664 4152 712 4229 Ρ.)
753 4149 804 4210 29.
826 4171 924 4212 aswvre
950 4165 1053 4208 omnes
1080 4142 1155 4223 (vel:
1182 4167 1231 4204 το-

156 4249 392 4330 aesomnium,
427 4274 593 4337 corumque
621 4253 772 4316 caelorum
793 4249 943 4327 omnium,
977 4266 1142 4330 eorumque
1162 4269 1231 4307 αιω-

157 4371 209 4411 νων
230 4351 363 4414 omninm
383 4353 435 4432 P.)
