3296 5354
141 702 282 769 rumque
306 677 366 757 dii,
398 698 580 764 eorumque
609 673 749 753 domini,
782 698 964 766 eorumque
986 677 1132 770 εξουσιωι,
1163 704 1218 750 eo·

141 817 282 882 rumque
316 819 462 880 topatius,
497 812 678 878 eorumque
712 794 813 868 vires,
854 813 1034 881 eorumque
1065 794 1220 882 ncvdnpee,

141 930 324 994 eorumque
353 915 518 995 φωστηρες,
549 927 730 991 eorumque
755 907 1009 994 χωρισσυνζυγοι,
1040 931 1221 998 eorumque

142 1049 278 1110 nepum,
308 1035 407 1107 atque
430 1022 530 1085 etiam
557 1041 674 1084 eorum
699 1044 891 1106 προπατορες,
922 1043 1102 1108 eorumque
1125 1021 1219 1110 epidu-

101 1161 115 1198 s
143 1161 233 1222 ναμοι
255 1134 411 1200 viderunt
433 1156 501 1209 me,
532 1135 589 1219 qui
611 1153 702 1197 eram
723 1132 781 1197 lux
805 1155 906 1218 quam
926 1137 1084 1212 maxime,
1110 1137 1219 1203 nullus

143 1248 263 1314 modus
285 1248 417 1324 lumini,
449 1244 539 1334 quod
562 1257 633 1311 erat
654 1245 743 1310 mihi.
788 1246 833 1311 Et
854 1247 1037 1334 perturbati
1066 1262 1143 1314 sunt
1166 1273 1220 1314 su·

143 1385 203 1451 per
227 1364 432 1426 seinvicem.
469 1360 515 1426 Et
536 1381 675 1446 magnus
698 1361 798 1424 timor
821 1360 935 1425 cecidit
956 1364 991 1425 in
1014 1383 1084 1440 eos,
1106 1362 1220 1429 viden·

143 1490 195 1542 tes
218 1497 374 1561 magnum
395 1473 523 1549 lumen,
556 1471 647 1558 quod
670 1485 742 1536 orat
763 1473 850 1536 mihi.
896 1473 941 1539 Et
963 1497 1078 1540 eorum
1101 1499 1221 1564 magna

145 1588 349 1676 perturbatio
373 1602 406 1654 ct
428 1609 565 1674 magnus
588 1588 688 1652 timor
710 1598 932 1673 pervenerunt
955 1586 997 1652 ad
1012 1615 1097 1654 τοπον
1111 1593 1221 1677 magni
1272 1587 1321 1660 Ἡ

90 1727 118 1767 ro
146 1728 324 1787 προπατορος
337 1705 437 1768 etiam
448 1728 575 1788 aspersu
592 1714 691 1786 atque
706 1702 808 1764 trium
821 1722 1017 1787 magnorum
1030 1700 1221 1788 τριὸυναμων.

145 1816 228 1881 Prae
250 1839 370 1904 magno
394 1838 475 1881 vero
500 1811 557 1897 (ds)
580 1818 698 1878 timore
721 1813 976 1900 perturbationis
995 1837 1110 1880 eorum
1131 1814 1222 1880 haud

146 1929 270 1994 destitit
292 1951 423 1994 currere
445 1929 509 1992 huc
532 1940 566 1993 et
587 1928 664 1992 illuc
686 1929 720 1990 in
751 1950 811 1992 suo
833 1954 916 2016 τοπῳ
943 1951 1081 2014 magnus
1104 1954 1220 2015 προπα-

145 2069 202 2132 sup
225 2045 295 2129 ipse
318 2056 350 2107 et
364 2056 430 2108 tres
449 2040 632 2130 τριδυναμοι,
656 2063 761 2128 neque
777 2055 958 2130 potuerunt
978 2040 1127 2108 claudere
1144 2063 1220 2106 suos

146 2179 254 2224 τοπους
277 2178 390 2220 omnes
412 2178 490 2243 prae
512 2177 633 2242 magno
656 2159 785 2232 timore,
807 2159 843 2220 in
867 2177 932 2242 quo
957 2168 1059 2232 erant,
1084 2169 1117 2220 et
1133 2177 1221 2220 com·

94 2294 119 2334 u
147 2282 326 2334 moverunt
360 2291 436 2334 suos
472 2295 580 2342 urum
615 2291 728 2334 omnes
760 2269 872 2347 simul,
913 2291 1054 2356 suasque
1086 2278 1223 2357 σφαιροις

148 2405 276 2459 omnes,
305 2405 445 2470 suasque
469 2407 629 2469 κοσμησεις
653 2404 780 2460 omnes,
807 2386 960 2448 timentes
984 2397 1017 2448 ct
1038 2382 1222 2470 perturbati

145 2499 286 2562 maxime
308 2511 446 2585 propter
468 2519 624 2584 magnum
646 2496 773 2573 lumen,
803 2496 893 2582 quod
916 2511 988 2561 erat
1009 2497 1104 2573 mihi,
1132 2494 1223 2560 haud

147 2615 410 2698 omnitempore,
434 2633 501 2697 quo
526 2623 598 2675 erat
619 2612 698 2674 mihi
720 2612 865 2675 versanti
887 2613 922 2674 in
938 2623 1027 2674 terra
1041 2611 1221 2685 hominum,

147 2747 250 2812 quum
277 2727 406 2792 veniret
435 2746 533 2810 super
562 2745 615 2788 me
644 2721 758 2808 ενὸυμα
786 2722 940 2788 lucidum.
989 2724 1064 2788 Non
1091 2736 1224 2810 poterat

93 2863 121 2903 so
148 2842 233 2904 enim
250 2843 338 2924 (γαρ)
362 2837 499 2902 sufferre
522 2836 644 2914 lumen,
668 2840 751 2901 sicut
774 2839 878 2900 estin
899 2859 959 2900 sua
979 2835 1118 2923 αληθειᾳ,
1143 2836 1222 2901 aiio·

149 2955 228 3037 quin
243 2976 354 3035 κοσμος
377 2950 609 3016 dissolveretur
633 2963 666 3014 ct
689 2951 801 3034 quiin
824 2970 863 3013 co
887 2970 999 3012 omnes
1016 2949 1121 3012 simul.
1156 2947 1224 3012 Sed

149 3069 265 3144 (ωλλα)
288 3063 408 3140 lumen,
433 3062 521 3150 quod
544 3077 616 3128 erat
637 3061 716 3126 mihi
739 3064 773 3126 in
797 3059 970 3126 duodecim
993 3085 1093 3135 eruet,
1116 3061 1222 3123 maius

149 3201 250 3264 quam
273 3177 363 3264 quod
386 3177 449 3242 suit
470 3177 550 3242 mihi
578 3180 613 3242 in
640 3202 747 3264 κοσμῳ
771 3173 861 3263 apud
888 3196 949 3239 vos
980 3175 1078 3239 octies
1107 3171 1222 3236 millies

147 3305 182 3358 et
204 3295 322 3380 septies
345 3295 475 3358 centies.

95 3431 122 3470 rs
237 3405 375 3470 Factum
396 3408 495 3492 igitur
518 3417 582 3481 est,
614 3427 717 3491 quum
739 3418 906 3470 versantes
936 3425 1049 3469 omnes
1077 3405 1112 3467 in
1141 3399 1223 3468 duo,-

149 3518 254 3584 decim
277 3545 378 3597 orori,
409 3542 513 3606 quum
535 3516 686 3584 viderent
706 3540 864 3606 magnum
886 3516 1011 3595 lumen,
1042 3516 1132 3604 quod
1155 3527 1226 3582 erat

147 3633 239 3710 mihi,
276 3632 462 3722 perturbati
490 3645 569 3696 sunt
591 3654 705 3698 omnes
729 3655 827 3721 super
856 3635 1067 3709 seinvicem,
1092 3645 1125 3696 et
1147 3651 1224 3697 con·

147 3761 321 3812 currerunt
342 3747 406 3811 huc
431 3759 464 3812 et
484 3745 563 3811 illuc
584 3748 619 3810 in
642 3771 743 3823 ecura,
768 3760 867 3832 atque
890 3750 1046 3813 commoti
1071 3758 1148 3809 sunt
1170 3766 1224 3808 su·

148 3881 209 3946 per
232 3881 266 3923 se
293 3862 433 3924 invicem
463 3885 562 3933 ιιιωνις
584 3882 698 3926 omnes
722 3873 755 3926 et
782 3860 872 3925 caela
899 3863 1010 3925 omnia
1044 3875 1225 3950 eorumque

96 3995 123 4036 oo
150 3994 297 4054 κυσμησις
317 3983 390 4034 tota
411 3993 490 4058 prae
512 3996 631 4062 magno
655 3977 788 4049 timore,
813 3976 957 4060 quierat
978 3974 1026 4045 iis,
1049 3980 1226 4058 propterea
1305 3952 1322 3974 ”

149 4080 241 4150 haud
263 4098 487 4172 cognoverunt
507 4114 678 4178 μυστηριον,
709 4086 799 4175 quod
828 4085 951 4150 factum
976 4096 1034 4148 est.
1053 4119 1089 4130 -
1115 4079 1225 4167 Atque

232 4235 263 4296 9.
286 4245 318 4296 et
339 4255 464 4321 magnus
486 4237 721 4318 (edd.‚‚eorum”
736 4237 784 4315 Ρ.)
827 4231 1065 4317 10,2tque(tdd·
1079 4231 1225 4312 φῶθ’)

147 4335 183 4396 Ρ.
226 4334 277 4396 20.
300 4359 357 4423 γαρ
379 4336 458 4418 (edd.
472 4362 578 4411 κοσμος
599 4339 649 4418 P.)
690 4339 742 4398 24.
765 4336 878 4398 centies
900 4332 1100 4414 (.....decies
1117 4333 1225 4395 millies

143 4434 198 4516 ΠΡ.)
240 4436 292 4497 30.
314 4450 475 4518 propterea
495 4438 573 4520 (add
597 4437 719 4519 „quod”
741 4436 790 4513 P.)

995 4543 1021 4614 b
