3296 5354
678 460 722 526 73

158 651 339 730 querentur
372 646 484 728 σοῲωιν
510 638 661 727 τροβολαι
687 637 847 719 antedoce,
882 663 986 729 quum
1021 640 1119 709 ducta
1152 661 1236 712 esset
1278 646 1349 720 113

157 759 192 820 in
213 778 321 824 τοπους
344 755 529 858 superipres
554 753 668 831 chaus,
692 758 806 820 cecinit
827 758 917 840 ὑμνον
934 771 967 820 et
989 756 1141 823 clamavit
1163 783 1234 824 sur-

159 891 233 934 sum
257 868 299 932 ad
321 889 374 932 me
392 866 516 932 dicens:
540 871 712 952 ,,“Τμνευσω
728 891 858 933 sursum
878 869 921 934 nd
935 883 977 946 te,
999 871 1121 949 lumen,
1145 873 1234 959 quod

157 981 236 1047 volo
260 985 371 1046 venire
395 980 438 1045 ad
460 994 503 1057 te,
524 983 662 1065 ύμινευσω
685 981 758 1058 tibi,
781 983 905 1059 lumen,
928 1006 1005 1048 nam
1028 999 1067 1048 tu
1090 1007 1122 1050 ee
1141 1010 1233 1052 meus

96 1119 114 1158 s
161 1109 318 1171 servator,
342 1116 384 1158 ne
408 1097 551 1159 sinemo
574 1097 608 1158 in
632 1096 723 1160 chao.
768 1095 886 1161 Libera
908 1119 970 1174 me,
992 1096 1104 1163 lumen
1124 1101 1233 1164 altitu-

160 1209 258 1284 dinis,
281 1231 360 1272 nam
382 1221 421 1270 tu
444 1229 493 1283 es,
521 1211 571 1270 cui
594 1211 720 1290 ύμνευω.
766 1209 880 1274 Misisti
903 1211 982 1277 mihi
1005 1224 1100 1276 tuum
1122 1214 1235 1278 lumen

159 1345 180 1386 a
209 1334 243 1385 te
273 1335 306 1386 et
336 1324 474 1386 servasti
503 1343 565 1386 me.
617 1321 747 1386 Duxisti
776 1345 829 1388 me
858 1325 892 1387 in
914 1325 1019 1394 roseus
1050 1329 1233 1414 superiores

161 1435 270 1498 chaus.
308 1433 522 1500 Collabuntor
544 1437 643 1522 igitur
665 1437 700 1498 in
722 1461 828 1506 τοπους
848 1435 1018 1502 inferiores
1042 1439 1141 1504 chaus
1165 1467 1233 1527 προ-

159 1547 255 1625 βολωι
275 1546 435 1624 antedoce,
460 1571 544 1634 quae
566 1563 810 1637 persequuntur
832 1573 899 1626 me,
922 1573 1004 1616 neve
1020 1557 1176 1618 veniunto
1199 1559 1234 1619 in

98 1687 132 1726 ro
158 1687 265 1732 τοπους
288 1664 485 1749 superiores,
513 1675 551 1726 ut
573 1661 706 1726 videant
728 1684 790 1726 me.
834 1664 880 1727 Et
901 1687 1020 1751 magna
1043 1667 1144 1752 caligo
1174 1667 1232 1732 ob-

156 1777 258 1862 tegito
290 1797 361 1850 eas,
393 1788 426 1840 et
454 1779 565 1840 venito
596 1779 634 1840 iis
666 1776 806 1840 obscura
836 1776 956 1863 calig03
987 1801 1069 1843 neve
1098 1780 1231 1845 vidento

156 1910 210 1954 me
232 1891 266 1970 in
289 1888 412 1952 lumine
435 1902 511 1953 tuae
534 1892 594 1966 vis,
618 1913 718 1975 quam
740 1892 855 1954 misisti
878 1891 957 1954 mihi
980 1890 1022 1955 ad
1038 1893 1234 1958 servandam

156 2025 227 2080 me;
262 2015 300 2066 ut
321 2024 362 2066 ne
386 2003 590 2089 prehendant
611 2006 732 2067 iterum
754 2025 822 2080 me,
853 2017 885 2066 et
913 2027 1028 2069 eorum
1053 2008 1232 2084 consilium,

160 2114 250 2201 quod
282 2118 505 2200 excogitarunt
533 2116 575 2180 od
604 2115 815 2181 auferendam
847 2095 955 2181 meam
983 2121 1064 2195 vim,
1099 2143 1140 2185 ne
1175 2121 1233 2186 fiat

104 2254 133 2294 rs
159 2231 215 2304 iis,
245 2241 278 2292 et
306 2231 389 2292 sicut
411 2229 563 2294 dixerunt
589 2230 682 2307 mihi,
702 2219 845 2297 'auferre
873 2254 985 2296 meum
1011 2232 1123 2298 lumen
1144 2235 1233 2312 mihi,

159 2341 252 2408 aufer
275 2364 371 2407 suum
395 2365 526 2430 quoque
549 2344 622 2408 loco
646 2349 726 2421 mei,
751 2359 784 2410 et
804 2345 956 2410 dixerunt
976 2346 1105 2411 auferre
1120 2370 1233 2414 meum

156 2455 268 2522 lumen
292 2469 414 2534 totum,
443 2480 549 2544 neque
571 2472 725 2545 poterant
753 2458 882 2524 auferre
904 2459 953 2536 id,
983 2461 1073 2548 quod
1101 2475 1159 2526 tua
1181 2466 1231 2527 vis

155 2571 287 2636 luminis
311 2584 361 2635 est
382 2592 526 2648 mecum,
558 2587 734 2658 propterea
761 2573 851 2658 quod
876 2575 1046 2639 consilium
1076 2589 1233 2663 ceperunt

157 2686 226 2748 sine
249 2698 308 2748 tuo
333 2697 467 2760 statuto,
489 2685 609 2763 lumen,
633 2701 769 2775 propter
784 2687 846 2752 hoc
862 2711 929 2755 non
948 2703 1085 2775 potuere
1102 2690 1232 2756 auferre

103 2823 131 2864 ro
156 2820 268 2863 meum
290 2799 411 2875 lumen,
436 2799 526 2884 quod
549 2827 709 2868 επιστευσω
732 2802 859 2876 lumini,
882 2823 950 2864 non
971 2803 1104 2879 timebo,
1128 2819 1161 2869 et
1182 2804 1232 2868 lu·
1274 2801 1346 2874 114

158 2934 234 2976 men
263 2926 312 2976 est
339 2935 432 2978 meus
467 2926 629 2991 servator,
664 2936 771 2999 neque
807 2913 955 2978 timebo.''
999 2915 1092 2978 Nunc
1124 2920 1232 3002 igitur,

159 3027 323 3090 cuiusvis
347 3026 447 3104 elata,
475 3026 572 3092 dicito
598 3028 794 3092 solutionem
815 3027 1009 3104 verborum,
1040 3050 1123 3113 quae
1152 3028 1233 3093 dixit

157 3164 255 3211 τιστις
277 3148 382 3226 copas.
426 3141 565 3206 Factum
588 3138 619 3208 ds
642 3155 705 3218 est,
736 3163 838 3227 quum
866 3140 956 3205 Iesus
978 3139 1103 3204 finisset
1126 3140 1232 3206 dicere

158 3253 239 3318 haec
269 3253 370 3318 verba
399 3259 465 3320 suis
498 3254 661 3341 μοιθητωις,
697 3277 870 3343 progressa
899 3253 1032 3319 Salome
1061 3255 1154 3319 dixit:
1185 3260 1232 3322 mi

105 3392 132 3432 ro
162 3365 308 3444 domine,
336 3391 411 3434 mea
432 3372 482 3434 vis
511 3369 676 3456 αναγκαζει
698 3392 751 3434 me
775 3367 1008 3434 addicendam
1036 3370 1232 3436 solutionem

157 3479 349 3559 verborum,
373 3504 458 3569 quae
482 3482 562 3548 dixit
584 3509 679 3553 πιστις
697 3493 803 3570 repro.
849 3485 924 3549 Tua
945 3487 995 3549 vis
1018 3494 1232 3572 επροφητευσεν

157 3595 236 3660 olim
257 3618 317 3684 per
340 3596 553 3662 Salomonem
576 3596 699 3662 dicens:
728 3598 967 3677 „Manifestabo
991 3623 1044 3665 me
1067 3599 1141 3677 tibi,
1173 3600 1231 3666 do·

155 3713 253 3786 mine,
278 3710 369 3796 quod
391 3725 430 3774 tu
453 3733 487 3776 es
510 3733 603 3775 meus
627 3712 716 3777 deus.
754 3714 801 3778 Ne
826 3717 893 3779 sine
911 3736 974 3791 me,
998 3714 1138 3790 domine,
1162 3738 1231 3780 am·

156 3821 257 3907 plius,
292 3823 383 3908 quod
410 3839 448 3889 tu
479 3847 513 3890 es
535 3849 620 3891 mea
647 3840 746 3904 ιλπιςς
783 3826 899 3892 dedisti
930 3828 1009 3890 mihi
1043 3849 1155 3891 meum
1180 3831 1231 3891 ius

105 3960 133 4001 so
161 3937 278 4018 gratis,
309 3948 342 3999 et
365 3959 477 4004 servor
500 3963 520 4003 a
542 3952 591 4018 te3
625 3940 780 4004 labuntor
808 3953 1040 4027 persequentes
1063 3960 1126 4014 me,
1149 3961 1232 4004 neve

158 4045 293 4124 vidento
316 4069 379 4114 me.
408 4050 517 4118 Nubes
541 4054 683 4142 caliginis
706 4053 850 4140 obtegito
872 4075 988 4118 eorum
1005 4051 1117 4118 oculos
1133 4064 1233 4138 atque

240 4197 269 4257 2.
296 4196 379 4269 ὐμνον
401 4201 479 4282 (add.
503 4205 612 4266 iterum
638 4205 687 4284 P.)
751 4203 779 4264 8.
807 4202 1006 4265 Coliebuntor
1032 4201 1233 4282 (Delabuntor

155 4296 204 4374 Ρ.)
252 4297 302 4360 15.
325 4300 403 4364 sicut
424 4305 515 4385 (κατα
535 4305 671 4384 modum,
693 4325 754 4387 quo
774 4304 824 4383 P.)
870 4303 920 4366 29.
946 4325 1044 4366 meum
1065 4303 1112 4366 ius
1133 4306 1233 4387 (tuum

155 4397 296 4462 iudicium
318 4399 366 4480 P.)
