3296 5354
952 474 996 544 52

337 662 385 742 77
438 686 561 753 νηωγῃ
588 659 728 726 deorum
753 653 955 722 iudicaturus
986 654 1091 722 deos.”
1136 653 1227 720 Dixit
1254 656 1284 720 ei
1306 651 1413 720 lesus:
1443 679 1513 740 ιυγε

438 776 550 842 Maria.
593 773 735 860 Pergens
758 769 864 835 adhuc
886 769 976 835 Iesus
1005 773 1041 834 in
1069 791 1219 835 sermone
1247 767 1329 833 dixit
1357 771 1424 833 suis
1447 795 1512 850 pe·

438 889 549 964 θητωιςε
591 885 729 952 Factum
761 897 827 961 cst,
865 906 969 971 quum
998 909 1093 952 τιστις
1120 893 1217 970 copie
1251 882 1376 947 finisset
1406 881 1512 946 dicere

438 1016 565 1069 sextam
586 1026 745 1088 μιτανοιων
762 997 802 1064 de
817 1001 1006 1064 remissione
1024 1021 1101 1063 sune
1118 997 1330 1084 πιραβσισεως,
1354 1018 1512 1061 conversa

439 1131 490 1184 est
511 1121 631 1182 iterum
652 1117 687 1178 in
711 1111 917 1178 altitudinem
940 1111 1198 1189 adridendum,
1225 1133 1305 1175 num
1328 1113 1511 1175 remiserint
1541 1133 1555 1170 s

440 1235 469 1298 ei
492 1253 553 1296 sua
574 1241 723 1318 peecata,
753 1239 787 1291 et
809 1224 1066 1304 adridendum,
1094 1249 1175 1292 num
1199 1225 1328 1290 ducturi
1351 1226 1416 1288 sint
1439 1245 1509 1288 eam

440 1367 572 1412 sursum
593 1345 629 1406 in
651 1341 748 1419 chao;
787 1353 885 1426 atque
914 1339 1062 1404 nondum
1092 1338 1329 1405 exaudiverunt
1355 1360 1430 1402 cam
1451 1359 1510 1425 per

437 1472 572 1526 κιλιυσιν
593 1457 690 1544 primi
712 1480 889 1541 μυστηριου,
918 1468 958 1518 ut
979 1458 1184 1520 remitterent
1211 1456 1240 1520 ei
1270 1475 1367 1516 suum
1396 1472 1508 1540 peeca-

437 1587 524 1648 tum,
548 1583 582 1635 et
604 1591 735 1634 sursum
759 1567 915 1632 ducerent
936 1590 1010 1632 eam
1032 1570 1066 1632 in
1089 1568 1185 1644 chao,
1205 1607 1241 1616 —
1269 1587 1427 1632 conversa
1452 1568 1507 1652 igi-

437 1700 493 1752 tur
514 1687 549 1749 in
572 1683 777 1748 altitudinem
800 1679 1056 1758 adridendum,
1086 1703 1168 1746 num
1192 1683 1394 1768 susceperint
1415 1701 1508 1744 suam
1537 1705 1563 1744 n

436 1825 596 1886 μπανοιαν
625 1821 645 1862 a
674 1819 726 1874 se,
759 1794 843 1860 vidit
876 1820 1027 1882 αρχοντας
1056 1817 1169 1860 omnes
1201 1795 1375 1860 duodecim
1404 1821 1509 1860 elusor

436 1914 608 1980 irridentes
640 1913 670 1976 ei
700 1923 798 1997 atque
826 1909 1000 1987 laetantes,
1037 1923 1214 1998 propterea
1243 1908 1334 1997 quod
1363 1907 1508 1972 nondum

438 2038 652 2116 susceperunt
674 2026 743 2088 eius
770 2048 929 2105 μετανοιαν
958 2023 1000 2088 ab
1031 2046 1084 2102 ea,
1119 2046 1223 2111 quum
1251 2025 1350 2110 igitur
1377 2021 1510 2086 vidisset

438 2161 494 2206 eos
517 2139 689 2204 illudentes
713 2139 755 2212 ei,
785 2147 954 2209 tornense
977 2136 1073 2203 valde
1097 2139 1213 2203 extulit
1238 2136 1356 2202 faeiem
1379 2158 1508 2201 sursum

436 2256 472 2318 in
493 2252 698 2316 altitudinem
720 2248 828 2314 dicens
850 2252 885 2314 in
908 2254 1047 2338 septima
1068 2274 1227 2338 perenne:
1264 2249 1431 2328 ‚,Lumen‚
1454 2272 1506 2314 su·
1538 2277 1563 2316 rs

437 2366 514 2432 stuli
536 2387 645 2430 meam
666 2367 734 2429 vim
758 2385 889 2428 sursum
912 2364 955 2429 ad
982 2378 1031 2444 te;
1065 2387 1177 2429 meum
1199 2364 1319 2442 lumen,
1349 2389 1509 2430 examore

346 2457 350 2464 Ι
436 2479 509 2556 tihi,
538 2501 580 2543 nc
603 2477 655 2542 lae
678 2498 731 2541 me
752 2479 931 2563 ignominia
959 2477 1061 2557 affiei3
1097 2501 1179 2544 neve
1208 2478 1370 2544 laetanter
1393 2478 1433 2544 de
1456 2501 1508 2542 me

437 2617 579 2681 αρχοντες
601 2590 774 2657 duodecim
797 2617 914 2668 ωιωνων,
939 2593 995 2677 qui
1018 2591 1160 2657 oderunt
1174 2615 1236 2658 me.
1277 2593 1508 2678 Unusquisque

435 2731 496 2793 γαρ
516 2731 659 2772 sermm
681 2702 756 2779 tibi,
778 2703 870 2769 haud
892 2704 1076 2771 afficientur
1097 2705 1233 2794 pudore.
1275 2705 1453 2771 Manebunt
1473 2708 1508 2770 in

434 2819 583 2907 ealigine,
613 2821 669 2905 qui
692 2817 898 2884 abstulerunt
920 2841 1029 2884 meam
1050 2822 1132 2895 vim,
1161 2843 1229 2884 non
1250 2820 1408 2884 lucraturi
1431 2833 1507 2884 sunt
1533 2844 1561 2884 ro

333 2925 383 3005 78
435 2956 518 3010 eam,
551 2945 641 2999 αλλα
664 2930 815 2997 auferent
837 2954 911 2997 eam
934 2931 1048 2998 abiis.
1093 2932 1235 3008 Lumen,
1258 2947 1406 2998 monstra
1428 2933 1507 2998 mihi

433 3060 509 3112 tuas
531 3048 601 3113 vias
632 3058 730 3133 atque
761 3045 919 3111 servabor
948 3049 982 3110 in
1011 3050 1059 3123 iis,
1090 3059 1124 3111 et
1145 3062 1295 3112 monstra
1324 3047 1405 3112 mihi
1434 3047 1507 3112 loea

433 3173 492 3226 tua
514 3161 627 3238 eundi,
659 3173 699 3224 ut
724 3159 843 3224 liberer
869 3162 904 3224 in
927 3161 1023 3239 ehao;
1054 3174 1153 3247 atque
1181 3161 1288 3226 indica
1317 3165 1407 3226 viem
1428 3161 1506 3225 mihi

431 3277 467 3338 in
488 3288 548 3340 tuo
570 3275 707 3349 lumine,
739 3285 772 3337 et
799 3273 865 3349 lae,
897 3277 1010 3352 sciam,
1042 3275 1212 3352 elumen,
1245 3289 1279 3340 te
1302 3297 1372 3340 esse
1395 3297 1507 3340 meum

432 3401 643 3452 servatorem
682 3384 821 3450 Credam
843 3385 904 3449 tibi
927 3390 1016 3451 omni
1038 3401 1197 3476 tempore.
1234 3387 1391 3454 Animum
1412 3403 1504 3454 verte
1530 3414 1557 3454 rs

431 3498 476 3563 ad
499 3498 697 3562 servandum
718 3519 781 3574 me,
803 3498 928 3576 hunno,
953 3500 1044 3587 quod
1065 3513 1125 3565 tua
1145 3503 1367 3569 misericordia
1390 3517 1439 3568 est
1462 3503 1504 3567 ed

432 3621 612 3675 aeternum.
663 3609 810 3675 Demea
832 3613 1024 3696 repellero,
1055 3637 1157 3701 quem
1186 3620 1333 3682 commisi
1362 3617 1438 3690 inde
1462 3615 1503 3681 ab

430 3723 523 3788 initio
554 3743 614 3809 per
641 3745 751 3789 meam
778 3727 1012 3811 ignorantiam,
1048 3749 1090 3794 ne
1120 3732 1282 3817 imputato
1313 3753 1386 3796 eam
1414 3730 1503 3807 milri,

431 3849 522 3906 ωλλα
544 3859 640 3904 serva
661 3859 716 3902 me
737 3840 808 3926 ipso
832 3851 891 3904 tuo
907 3862 1026 3928 magno
1041 3869 1203 3930 por-repre,
1225 3847 1412 3910 remittente
1427 3865 1502 3932 pee-

427 4011 459 4072 in
482 4024 586 4093 quater
606 4014 747 4074 vicesimo
774 4025 805 4074 et
832 4014 939 4093 primo.
979 4013 1097 4090 Quodsi
1124 4028 1229 4078 euetor
1255 4019 1420 4099 exprimere
1447 4039 1502 4080 vo-

427 4111 532 4173 luisset
553 4157 574 4189 ,‚
583 4114 613 4172 in
635 4114 777 4174 vicesimo
799 4114 930 4192 quarto”
945 4114 1124 4194 scripsisset:
1147 4137 1195 4199 pst
1210 4139 1303 4200 nnep
1321 4138 1500 4198 mensore,

426 4221 458 4271 et
479 4212 628 4272 omisisset
648 4213 737 4274 rerba
757 4217 808 4272 nn
824 4233 900 4290 oro,
923 4235 997 4294 quae
1021 4226 1083 4274 tum
1106 4237 1194 4276 sensu
1217 4229 1350 4277 carerent
1372 4219 1405 4278 P.
1449 4217 1500 4276 12.

426 4308 568 4370 laetantes
590 4311 668 4388 (add.
691 4312 756 4387 „de
777 4313 850 4374 me'’
872 4314 922 4391 P.)
985 4313 1035 4375 25.
1057 4316 1138 4376 omni
1157 4317 1234 4397 (add.
1249 4337 1316 4378 meo
1338 4318 1388 4396 P.)
1450 4315 1502 4376 28.

426 4407 499 4469 mihi
520 4408 598 4488 (add
620 4409 720 4472 lumen
742 4411 792 4490 P.)
