3254 5340
409 643 577 714 λαιπωριιις
605 641 639 694 et
668 647 770 693 eoeno
799 625 878 704 luti3
919 625 1089 691 constituit
1125 643 1218 690 meos
1250 619 1351 712 pedes
1386 645 1487 712 super

410 771 518 830 πετραν
541 756 575 807 et
597 739 714 806 direxit
738 763 829 806 meos
852 761 990 826 gressus.
1028 737 1140 803 lnieeit
1162 741 1195 801 in
1220 761 1257 803 os
1279 760 1393 804 meum
1410 760 1486 803 cau-

410 869 483 922 tum
505 879 646 932 novum,
676 855 808 921 laudem
836 857 940 919 nostri
964 852 1025 916 dei.
1069 851 1163 917 Multi
1186 851 1354 928 videbunt,
1377 865 1417 914 ut
1445 855 1487 915 ti·

410 984 523 1037 meant
552 984 587 1035 et
615 985 773 1034 ιλπισωσιν
805 972 840 1032 in
870 967 1066 1031 dominum.''
1124 967 1262 1031 Factum
1297 969 1397 1053 igitur
1428 979 1487 1042 est,

412 1108 513 1174 quum
536 1082 685 1148 Andreas
707 1082 898 1170 protulisset
924 1107 1020 1162 νοημοι
1042 1107 1166 1150 renent
1187 1091 1316 1164 σοφιας,
1346 1079 1428 1143 dixit
1457 1081 1486 1144 ei
1514 1103 1527 1142 s
1614 1072 1618 1105 ¹

410 1202 554 1287 primum
568 1218 739 1278 μυστηριοντ
763 1223 846 1279 ruys,
868 1193 1009 1270 dudm,
1031 1211 1188 1278 μακαρίας.
1223 1193 1365 1280 Pergens
1382 1195 1415 1257 δε
1429 1191 1487 1257 ad·

410 1311 475 1375 hue
504 1314 537 1373 in
570 1330 719 1373 sermone
750 1307 831 1372 dixit
859 1309 1022 1392 μαθηταιςτ
1059 1307 1122 1372 hae
1160 1322 1238 1370 sunt
1272 1330 1324 1371 res
1362 1329 1486 1382 omnes,

302 1418 373 1491 166
413 1446 497 1509 quae
521 1423 626 1487 factm
650 1435 727 1486 sunt
748 1447 843 1487 πιστιι
865 1433 971 1514 soora.
1017 1420 1153 1484 Factum
1176 1423 1275 1507 igitur
1296 1434 1358 1496 est,
1383 1442 1487 1506 quum

412 1538 577 1601 duxissem
600 1559 673 1601 eam
694 1539 729 1600 iu
752 1562 847 1612 soror,
872 1539 927 1622 qui
949 1535 1035 1600 intra
1051 1533 1214 1598 decimum
1233 1537 1368 1599 tertium
1384 1562 1487 1609 αιωνι,

411 1654 487 1716 veni
511 1649 658 1714 aditurus
682 1649 725 1714 ad
747 1649 867 1725 lumen,
891 1663 929 1712 ut
947 1647 1145 1713 discederem
1162 1646 1203 1712 ab
1220 1671 1272 1724 ea,
1295 1647 1376 1711 dixit
1390 1648 1486 1711 mihi:
1511 1673 1534 1714 n

411 1765 523 1830 lumen
546 1764 723 1840 luminum,
752 1763 966 1872 proficisceris
991 1761 1032 1826 ad
1063 1761 1190 1838 lumen,
1220 1775 1260 1826 ut
1289 1761 1436 1826 discedas
1469 1785 1489 1826 e

411 1900 475 1954 me,
499 1892 532 1943 et
554 1877 800 1952 seietsdamas
823 1902 970 1956 superne,
994 1890 1027 1940 te
1051 1875 1234 1941 discessisse
1257 1899 1276 1940 a
1296 1898 1363 1951 me,
1387 1889 1489 1962 atque

414 1996 501 2068 sciet,
523 2015 591 2056 non
615 2013 698 2068 esse,
723 1994 779 2077 qui
803 1994 843 2055 sit
865 1990 1062 2055 liberaturus
1085 2013 1148 2054 me.
1179 1989 1279 2054 Venit
1300 1993 1422 2054 iterum
1445 1989 1489 2054 ad

411 2127 465 2170 me
488 2110 522 2168 in
544 2104 630 2169 hune
652 2131 748 2182 τοπον,
770 2107 831 2169 iste
855 2108 989 2191 eiusque
1013 2129 1154 2185 ιρχοντες
1177 2125 1306 2179 omnes,
1330 2107 1387 2191 qui
1410 2103 1488 2168 odio

411 2239 466 2282 me
488 2217 625 2292 habent,
650 2232 748 2302 atque
772 2221 870 2282 etiarn
894 2219 1025 2291 ιυθιιὸης
1048 2217 1138 2282 dabit
1159 2220 1227 2281 vim
1250 2239 1328 2282 suae
1352 2218 1488 2307 repedetur
1512 2243 1534 2283 u

413 2353 487 2394 cum
512 2330 593 2393 facie
616 2329 733 2408 leonis,
757 2344 796 2394 ut
816 2334 985 2397 venientes
1010 2355 1123 2396 omnes
1147 2332 1295 2419 affligant
1310 2353 1363 2396 me
1380 2331 1487 2408 simul,

414 2458 447 2510 et
470 2457 508 2508 ut
530 2443 682 2508 auferant
703 2465 815 2508 meum
838 2444 950 2510 lumen
977 2460 1085 2511 totum
1117 2471 1137 2510 u
1166 2469 1236 2523 me,
1268 2459 1301 2509 et
1328 2449 1377 2510 uti
1409 2445 1488 2509 iiam

412 2563 575 2645 impotens
604 2571 702 2643 atque
731 2560 849 2623 iterum
881 2557 959 2622 fiam
987 2563 1055 2624 sine
1084 2560 1215 2624 lumine.
1259 2559 1352 2625 Nune
1379 2563 1489 2646 igitur,

412 2673 525 2736 lumen
548 2684 581 2734 et
603 2694 713 2735 meum
742 2672 867 2748 lumen,
904 2672 998 2738 aufer
1027 2676 1096 2737 vim
1126 2674 1256 2738 luminis
1287 2677 1337 2738 sui
1368 2673 1409 2738 ab
1438 2676 1488 2749 iis,

413 2799 451 2849 ut
473 2808 514 2850 ne
537 2785 669 2849 valeant
691 2785 833 2874 affligere
856 2809 909 2851 me
937 2786 1013 2852 inde
1037 2787 1078 2850 ab
1105 2786 1166 2851 hae
1194 2787 1304 2852 hora.'’
1348 2787 1489 2852 Factum
1512 2813 1538 2853 ι

412 2903 511 2987 igitur
535 2913 600 2976 est,
625 2923 727 2986 quum
751 2899 915 2965 audissem
936 2901 1017 2964 haee
1039 2900 1157 2976 verba,
1181 2923 1265 2987 quae
1289 2900 1371 2965 dixit
1392 2927 1489 2972 τιστις

413 3024 526 3096 esoce,
554 3015 755 3101 respondens
779 3017 808 3079 ei
831 3013 912 3078 dixi:
941 3013 1089 3078 nondum
1117 3037 1209 3079 meus
1231 3028 1326 3102 pater
1349 3031 1490 3082 εκελιυη

412 3127 506 3204 mihi,
536 3130 593 3212 qui
615 3128 859 3214 reperiissem,
887 3141 926 3192 ut
949 3128 1097 3192 auferam
1121 3151 1217 3193 suum
1240 3128 1351 3194 lumen
1375 3129 1417 3193 ab
1439 3131 1488 3208 iis,

326 3241 354 3292 Χ
414 3255 504 3306 um
524 3251 688 3325 σφραγισω
707 3268 812 3311 roseos
832 3241 978 3312 ιυθωδους
1002 3246 1135 3329 eiusque
1161 3271 1312 3326 αρχοντων
1329 3247 1488 3321 omnium,

331 3333 335 3342 ⁵
414 3355 490 3418 odio
521 3366 554 3418 te
584 3354 791 3432 habentium,
831 3369 870 3419 ut
902 3381 1059 3446 πιστευσῃς
1092 3357 1224 3434 lumini,
1259 3371 1357 3444 atque
1387 3361 1489 3422 etiam
1512 3383 1536 3423 re

340 3501 366 3556 χ
413 3479 577 3550 reboo-stow
596 3493 701 3536 roseus
723 3466 871 3533 Adamas
898 3472 1033 3556 eiusque
1058 3497 1222 3553 αρχοντων,
1250 3485 1288 3534 ut
1314 3493 1357 3535 ne
1385 3475 1428 3535 sit
1449 3475 1490 3536 iis

413 3579 463 3642 vis
487 3576 529 3640 ad
552 3591 692 3658 πιλεμειν
721 3594 846 3656 tecum,
877 3605 982 3667 usque
1011 3583 1090 3647 dum
1121 3605 1237 3648 eorum
1266 3599 1397 3672 tempus
1426 3589 1489 3650 im·

412 3690 539 3779 pletum
562 3689 677 3767 suerit,
707 3705 740 3757 et
761 3715 866 3779 usque
890 3695 970 3760 dum
992 3701 1118 3762 venerit
1146 3726 1260 3782 καιιρος,
1291 3712 1330 3764 ut
1359 3713 1489 3791 κελευᾳ

413 3806 492 3869 mihi
516 3827 608 3870 meus
631 3820 734 3894 pater,
757 3820 795 3871 ut
819 3807 966 3874 auserem
991 3833 1106 3876 eorum
1128 3812 1240 3876 lumen
1263 3812 1304 3876 ab
1327 3815 1375 3878 iis.
1407 3813 1489 3878 Post

301 3909 373 3986 167
413 3919 476 3984 hoe
500 3919 531 3985 δε
553 3923 673 3985 iterum
697 3925 760 3985 dixi
785 3925 827 3986 ei:
860 3923 963 3997 Audi,
992 3923 1097 3990 dicam
1125 3926 1184 3990 tibi
1208 3950 1323 3992 eorum
1345 3941 1487 4014 tempus,
1513 3955 1537 3996 rs

415 4029 480 4120 quo
504 4035 584 4099 haee
607 4035 701 4112 fient,
731 4059 814 4122 quae
839 4037 910 4102 dieo
938 4038 1010 4102 tibi:
1039 4037 1133 4117 iient,
1162 4041 1294 4127 quando
1318 4043 1381 4105 tria
1404 4056 1489 4106 tem·

413 4169 497 4233 pora
519 4150 653 4237 impleta
676 4150 806 4215 fuerint.
836 4152 1050 4240 Respondeas
1073 4179 1169 4226 πιστις
1184 4166 1282 4241 redeo
1298 4154 1379 4220 dixit
1393 4155 1490 4220 mihi:

412 4257 540 4338 lumen,
565 4284 631 4348 quo
655 4267 769 4343 seiam,
800 4265 931 4352 quando
955 4266 1069 4336 futura
1091 4270 1156 4334 siut
1176 4272 1241 4336 tria
1260 4283 1429 4360 tempora,
1450 4282 1492 4335 ut
