3254 5340
655 483 700 554 95

136 691 230 736 mum
252 690 411 754 μυπηριον
440 662 586 730 audisset
607 663 687 730 baeo
708 664 825 743 verba,
854 665 949 732 dixit:
973 669 1212 756 noys,1aoeobe
1254 678 1325 750 148

138 782 270 848 dilecte!

228 895 370 981 Pergens
393 889 425 957 δε
447 893 568 955 iterum
590 894 624 955 in
647 915 797 957 sermone
819 897 961 979 primum
984 922 1141 982 μυστηρων
1165 899 1212 962 di.

138 1013 187 1075 xit
208 1007 370 1096 μαθητωιςς
399 1005 538 1068 Factum
569 1018 630 1080 est,
660 1028 763 1090 quum
793 1006 956 1072 duxissem
983 1037 1078 1075 πιστιν
1101 1023 1212 1100 codiee

98 1148 114 1186 e
141 1145 271 1189 sursum
293 1123 328 1184 in
352 1120 443 1194 chao,
467 1118 660 1182 exclamavit
681 1122 800 1183 iterum
817 1120 941 1185 dicens:
965 1121 1122 1198 „Servata
1138 1148 1213 1190 sum

138 1237 293 1310 inchoo,
324 1247 423 1318 atque
452 1231 559 1296 soluta
589 1255 606 1296 e
633 1232 771 1296 vinculis
802 1233 953 1320 caliginis.
998 1235 1081 1308 Veni
1105 1237 1147 1301 ad
1170 1251 1212 1315 te,

139 1350 267 1424 lumen,
295 1346 385 1433 quod
414 1345 505 1409 suisti
531 1346 643 1410 lumen
672 1367 713 1410 ex
741 1350 829 1410 omni
856 1363 948 1435 parte
975 1350 1055 1411 mibi
1078 1373 1212 1416 servans

140 1485 195 1528 me
218 1474 252 1526 et
274 1459 429 1524 adiuvans
451 1483 514 1524 me.
552 1459 597 1524 Et
611 1459 766 1541 προβολοις
786 1459 941 1538 eododem,
966 1485 1048 1548 quae
1067 1478 1215 1551 pugnant

142 1588 258 1640 eontra
280 1596 342 1650 me,
365 1587 521 1642 ικωλυσιις
543 1587 601 1637 tuo
624 1573 761 1648 lumine,
788 1587 821 1638 et
842 1571 930 1638 haud
953 1589 1133 1662 potuerunt
1155 1579 1212 1643 od·

87 1714 115 1756 1⁰
140 1692 363 1780 propinquare
385 1688 474 1763 mihi,
498 1687 588 1773 quod
604 1699 675 1750 erat
693 1699 787 1750 tuum
802 1686 914 1752 lumen
928 1711 1065 1765 meeum,
1090 1704 1123 1754 et
1146 1714 1212 1754 ser·

56 1843 66 1863 .
138 1803 241 1868 vubat
262 1824 315 1866 me
338 1814 397 1866 tua
413 1803 553 1888 απορῥοιᾳ
575 1801 715 1874 luminis,
740 1803 895 1885 quoniam
913 1827 973 1886 γαρ
992 1803 1141 1884 apodemi
1164 1803 1213 1866 ai-

138 1919 285 2004 fligentes
305 1937 359 1980 me
383 1915 589 1979 abstulerunt
611 1935 719 1977 meam
742 1916 809 1978 vim
833 1937 853 1978 a
874 1937 936 1990 me,
959 1917 1139 1979 iniecerunt
1161 1939 1214 1980 me

141 2035 176 2096 in
196 2051 290 2095 oreos
315 2029 424 2115 (cbaos
439 2029 549 2112 Plus),
572 2028 700 2091 nullum
714 2028 826 2091 lumen
841 2027 1024 2099 habentem.
1054 2028 1114 2092 Fui
1131 2033 1215 2094 sicut

141 2147 202 2216 ύλη
227 2144 332 2228 gravis
356 2141 468 2206 eorain
488 2145 536 2206 iis.
581 2141 690 2228 Atque
712 2141 890 2228 posthaec
913 2147 964 2206 vis
980 2144 1134 2230 αποῤῥοιως
1156 2166 1213 2208 ve·

90 2281 118 2322 ιι
144 2260 194 2322 nit
221 2256 299 2320 mibi
323 2278 342 2319 a
364 2269 398 2318 te
426 2277 557 2320 servans
580 2277 638 2320 me.
685 2255 857 2342 Splenduit
879 2255 921 2319 ad
949 2259 1112 2320 sinistram
1135 2258 1214 2320 mibi

22 2378 34 2402 '
143 2371 241 2436 etad
265 2369 412 2434 dextram
435 2369 523 2444 mibi,
555 2382 588 2432 et
611 2369 833 2432 circumdabat
854 2393 916 2446 me,
946 2392 986 2434 ex
1009 2374 1098 2434 omni
1120 2385 1214 2457 parte

140 2486 219 2550 mibi
244 2498 323 2560 erat,
347 2497 384 2546 ut
407 2505 447 2546 ne
471 2483 576 2547 ullum
596 2507 691 2566 μερος,
716 2506 781 2568 quo
798 2483 983 2559 sui‚=essem
1000 2487 1066 2548 sine
1082 2485 1214 2561 lumine,

142 2613 175 2664 et
197 2599 322 2662 obtexit
344 2620 397 2661 me
426 2597 549 2660 lumine
571 2609 648 2660 tuae
673 2599 839 2684 απορῤοιας,
871 2610 905 2661 et
930 2602 1078 2685 purgasti
1106 2601 1139 2661 iu
1162 2621 1215 2662 me
1244 2625 1275 2682 ss

143 2735 256 2778 omnes
279 2734 368 2776 meas
390 2715 472 2780 ύλας
493 2710 613 2786 maias,
638 2723 671 2773 et
694 2709 741 2774 fui
765 2733 863 2797 super
885 2734 975 2776 meas
998 2719 1078 2782 ύλας
1101 2733 1214 2776 omnes

89 2849 117 2892 oo
143 2839 279 2914 propter
302 2837 396 2887 tuum
417 2824 529 2888 lumen
553 2837 586 2890 et
607 2837 699 2887 tuam
722 2825 877 2911 αποῤῥπαν
898 2825 1039 2888 luminis.
1076 2824 1142 2887 Ista
1160 2848 1214 2888 ex·

144 2939 259 3004 ultavit
281 2957 351 3012 me,
381 2948 414 3000 et
435 2937 569 3001 abstulit
595 2959 648 3002 me
679 2937 844 3020 προβολαις
867 2935 1014 3004 ωυθοιδους
1041 2937 1216 3011 θλιβουσωις

142 3075 206 3116 me.
250 3049 360 3135 Atque
383 3049 431 3114 fui
455 3050 576 3115 confisa
598 3063 658 3114 tuo
682 3050 810 3125 lumini,
836 3071 896 3114 nec
926 3071 993 3112 non
1019 3049 1130 3112 lumen
1152 3071 1213 3135 pu·
1256 3057 1327 3128 149

142 3189 217 3231 rum
240 3178 316 3229 tuae
339 3166 505 3251 απορροιαε,
530 3177 562 3228 et
583 3177 730 3228 remotae
755 3175 869 3226 sunta
884 3185 936 3226 me
953 3163 1100 3246 προβολαι
1120 3162 1215 3226 eodo·

144 3277 221 3354 deoc,
244 3300 328 3363 quae
343 3277 531 3365 affligebant
545 3300 608 3352 me,
633 3291 666 3342 et
688 3277 774 3341 saeta
797 3299 870 3340 sum
892 3276 948 3340 lux
965 3289 1022 3340 tua
1037 3299 1157 3362 magna
1171 3278 1215 3350 vi,

92 3421 119 3462 a
146 3390 237 3478 quod
259 3404 297 3454 tu
318 3414 428 3458 servas
453 3395 542 3455 omni
557 3392 733 3478 tempore.”
770 3392 859 3454 llaec
876 3403 925 3456 est
940 3417 1091 3468 μετανοια,
1116 3411 1215 3474 quam

145 3506 227 3570 dixit
247 3531 343 3574 mem
366 3515 477 3592 σοφια,
507 3528 609 3590 quum
633 3529 763 3570 sursum
785 3509 848 3568 iret
870 3507 903 3568 in
926 3505 1021 3581 chao,
1050 3519 1083 3570 et
1112 3527 1216 3591 quum

143 3620 251 3686 soluta
275 3633 361 3684 esset
381 3643 401 3684 a
415 3619 552 3684 vinculis
576 3620 685 3684 chaus.
729 3620 822 3683 Nunc
837 3622 944 3706 igitur,
961 3623 1011 3684 cui
1029 3634 1105 3684 sunt
1120 3641 1216 3684 aures

142 3729 185 3798 ad
201 3732 410 3808 audiendum,
435 3732 557 3796 audito.
596 3732 733 3797 Factum
756 3737 853 3820 igitur
874 3747 931 3810 est,
956 3757 1058 3819 quum
1072 3737 1216 3820 primum

143 3871 301 3928 μυστηριον
329 3845 453 3910 finisset
480 3845 586 3910 dicere
615 3847 694 3912 haee
716 3846 817 3911 verba
839 3847 1001 3929 μαθηταις,
1025 3865 1216 3932 progressus

90 3987 117 4030 eo
147 3957 297 4022 Thomas
321 3957 415 4021 dixit:
438 3962 482 4022 mi
507 3959 647 4034 domine,
671 3973 747 4024 sunt
770 3981 865 4024 aures
888 3981 962 4021 meo
986 3956 1110 4019 incolae
1125 3955 1217 4028 lueis,

145 4082 180 4134 et
200 4090 295 4134 meus
318 4094 381 4140 vous
401 4096 453 4140 νοει
474 4073 585 4151 verba,
608 4095 694 4159 quae
718 4071 834 4136 dixisti.
878 4050 1091 4154 Nune'igitur
1112 4079 1218 4132 κελευι

227 4223 278 4282 11.
301 4245 348 4285 me
370 4235 419 4284 tua
441 4231 501 4304 (me
524 4227 553 4285 in
575 4238 626 4286 tua
646 4226 696 4302 P.)
773 4225 823 4283 11.
845 4217 987 4306 προβολαι
1015 4221 1091 4298 (add.
1115 4219 1216 4280 αυθα-

142 4319 210 4387 dove
231 4323 281 4400 P.)
345 4322 395 4384 17.
419 4347 513 4387 essem
536 4332 630 4402 (esset
651 4326 700 4402 Ρ.)
774 4322 823 4384 18.
846 4323 961 4384 obtexit
989 4322 1145 4403 (obtexisti
1167 4321 1217 4399 Ρ.)

111 4507 112 4512 ¹
140 4423 193 4482 22.
215 4423 317 4485 lumen
339 4446 447 4506 purum
469 4425 589 4506 <lumini
610 4445 687 4506 puro
708 4423 759 4503 P.)
