3240 5328
976 454 1043 520 2⁸24

469 635 549 704 duxi
579 655 691 701 eoram
719 646 770 711 te,
808 633 899 720 quod
931 656 1121 698 armannum
1148 629 1255 698 verbis
1283 630 1417 698 omnibus
1439 647 1495 700 tuae

471 749 627 826 ωληθειαςς
651 762 685 813 et
706 747 804 812 facies
827 769 879 812 ras
904 768 1027 822 omnes,
1051 767 1192 831 quarem
1207 767 1303 812 eausa
1316 745 1494 812 clamavim-

471 887 545 930 sum
569 863 611 928 ad
633 876 680 940 te,
715 884 793 926 nam
822 881 982 947 cognosco
1005 881 1127 924 nomen
1148 863 1249 946 patris
1277 859 1409 944 θησαυρου
1426 859 1494 922 luni·

471 981 530 1042 nis.
583 985 683 1044 nato
715 979 836 1040 iterum
870 973 1063 1040 exclamavit
1090 971 1196 1049 lesus,
1231 972 1319 1059 quod
1344 969 1495 1058 adsparsis

472 1104 536 1168 est,
560 1090 669 1154 dicens
692 1111 814 1154 nomen
836 1091 937 1174 patris
956 1086 1101 1172 θησαυρου
1127 1085 1267 1162 luminis,
1289 1100 1321 1152 et
1342 1084 1421 1150 tint:
1439 1110 1496 1170 por·
1518 1108 1525 1144 i

470 1231 555 1290 snpra
578 1206 688 1269 omnia
712 1228 861 1287 αρχοντων
886 1215 918 1266 et
942 1197 1073 1290 εξουσωι
1096 1213 1129 1265 et
1151 1213 1280 1286 αγγελοι
1296 1212 1328 1266 et
1346 1210 1498 1286 αρχιγγελοι

357 1307 432 1379 359
472 1330 505 1382 et
526 1319 612 1382 vires
636 1337 749 1380 omnes
774 1329 807 1379 et
828 1337 881 1379 res
905 1336 1019 1378 omnes
1048 1339 1179 1401 sapsam
1207 1312 1340 1378 deorum
1365 1337 1498 1398 eypsppe

469 1454 640 1514 χαμαριγ,
669 1441 703 1494 et
731 1428 898 1513 βαρβηλω,
929 1427 1065 1506 fideus,
1093 1426 1281 1491 adducunto
1310 1449 1360 1490 eas
1380 1446 1499 1498 seorsum

470 1557 510 1607 ut
531 1542 692 1630 explicent
715 1564 769 1607 eas
793 1541 836 1606 ad
858 1540 1017 1606 dextram.
1050 1541 1217 1628 Tempore
1240 1539 1271 1606 de
1291 1540 1344 1605 illo
1364 1539 1500 1604 eaelaon·

471 1660 526 1722 nia
554 1656 705 1744 proiecta
730 1659 766 1720 in
794 1655 994 1721 occidentem
1025 1668 1058 1722 et
1087 1679 1186 1725 arurae
1216 1675 1326 1720 onmes
1352 1666 1381 1718 et
1403 1661 1529 1740 thapsa

472 1783 644 1836 eteorum
667 1793 819 1855 αρχοντεις
841 1783 874 1833 et
897 1766 1176 1856 eorumhonpns
1199 1790 1311 1834 omnes
1333 1777 1504 1832 cucurrerunt

472 1905 585 1948 omnes
612 1887 647 1948 in
674 1883 875 1948 occidentem
898 1883 941 1947 ad
969 1886 1133 1947 sinistram
1156 1879 1260 1948 deraso
1284 1882 1357 1948 solis
1382 1894 1411 1946 et
1428 1879 1503 1946 inraso

469 1997 576 2063 lunae.
621 2005 731 2068 Δισκυς
754 1997 830 2062 solis
854 1995 885 2064 ds
912 2011 983 2061 erat
1011 2019 1148 2084 magnus
1172 1995 1295 2082 tipasam,
1324 1999 1406 2060 errius
1428 1989 1505 2058 uude

472 2123 543 2176 erat
564 2115 598 2174 in
621 2133 680 2175 suo
706 2131 778 2188 ore,
809 2113 864 2196 qui
888 2109 1055 2175 adscendit
1076 2113 1111 2175 in
1133 2123 1263 2199 septem
1292 2109 1419 2194 δυναμιις
1438 2109 1504 2171 sinis
1554 2105 1555 2160 ξ

470 2236 556 2300 trae,
584 2223 789 2288 trahentibus
818 2245 894 2288 eum
918 2237 1059 2308 quatuor
1083 2221 1255 2308 δυναμεσιν,
1281 2221 1455 2289 habentibus
1476 2219 1503 2282 si·
1519 2237 1529 2276 1

469 2334 686 2400 militudinem
709 2358 870 2422 equorum
887 2335 1048 2402 alborum.
1086 2345 1181 2410 Baras
1204 2336 1237 2404 da
1252 2339 1346 2404 lunae
1368 2349 1428 2402 erat
1443 2357 1504 2416 susp

470 2453 578 2526 navis,
610 2452 700 2515 cuius
716 2450 981 2537 ‚gubernaculum
1004 2447 1117 2532 tasso»
1139 2474 1211 2516 mas
1236 2466 1269 2518 et
1291 2450 1396 2538 dpssur
1417 2448 1504 2514 semina

471 2563 681 2640 exhibebant,
708 2563 817 2628 bubus
842 2563 971 2628 duobus
995 2564 1076 2629 albis
1099 2565 1305 2632 trahentibus
1328 2587 1411 2637 eum.
1430 2562 1503 2647 tgna
1554 2561 1555 2610 i

469 2675 601 2740 infantis
624 2679 659 2740 in
680 2679 783 2764 puppi
805 2690 937 2763 regente
961 2675 1135 2762 δρωκοντως,
1164 2682 1336 2766 eripientes
1356 2680 1453 2742 lumen
1471 2699 1504 2756 ‘i‘

469 2813 591 2872 χοντων.
636 2788 719 2854 Erat
741 2789 838 2855 facies
862 2790 933 2855 ielis
958 2804 1033 2856 ante
1063 2813 1148 2856 eum.
1192 2792 1239 2865 Et
1268 2819 1374 2875 κοσμος
1395 2803 1468 2855 totus
1484 2797 1529 2848 ett

469 2915 598 2969 montes
622 2916 656 2968 et
678 2902 834 2972 θιλασσαι
865 2918 1078 2970 cucurrerunt
1106 2907 1140 2970 in
1169 2907 1369 2972 occidentem
1396 2903 1433 2970 ad
1454 2901 1505 2966 sini·

470 3029 581 3082 stram.
630 3017 676 3084 Et
707 3016 796 3082 lesus
827 3032 859 3082 et
888 3021 956 3084 eius
989 3017 1123 3101 μαθηται
1152 3034 1346 3086 manserunt
1371 3023 1403 3084 in
1427 3011 1505 3080 medio
1553 3077 1554 3082 ,

468 3155 550 3216 resep
571 3157 685 3218 αερινῳ,
713 3133 747 3194 in
769 3134 831 3196 viis
852 3133 926 3197 viae
947 3131 1062 3208 medii,
1092 3155 1177 3218 quae
1203 3134 1293 3200 infra
1315 3144 1443 3222 σφαιρῶν.
1477 3123 1505 3190 Ei
1553 3141 1554 3200 ξ

468 3257 630 3308 veneremt
656 3247 691 3308 in
716 3248 857 3333 primam
879 3243 963 3335 τωξιν
993 3248 1038 3333 (in
1060 3268 1162 3333 marg.
1186 3246 1287 3314 addit
1310 3246 1374 3332 via)
1401 3241 1505 3332 quaein
1553 3207 1554 3300 i

467 3356 586 3422 medio.
630 3356 720 3422 lesus
743 3357 775 3424 ds
797 3361 888 3424 stetit
908 3362 943 3424 in
966 3385 1027 3445 aspa
1045 3385 1136 3426 sorau
1160 3364 1256 3427 istius
1287 3385 1361 3428 eum
1388 3362 1444 3424 suis
1462 3367 1528 3438 pta-¹

468 3468 574 3542 θηταις.
619 3471 782 3536 Dixerunt
801 3471 935 3557 μαθηται
956 3472 1031 3538 lesu
1061 3478 1102 3540 ei:
1132 3479 1203 3559 quis
1228 3490 1279 3540 est
1305 3477 1357 3540 hie
1378 3495 1463 3544 rores,
1484 3469 1505 3528 11

353 3572 428 3645 360
469 3602 535 3665 quo
552 3583 685 3644 sumus?
716 3585 806 3647 Dixit
820 3583 909 3649 iesus
931 3585 965 3650 hi
983 3600 1059 3652 sunt
1073 3613 1155 3654 roasi
1171 3591 1243 3653 viae
1259 3588 1368 3654 medii.
1402 3585 1505 3652 Factum
1552 3673 1553 3680 ἵ

465 3718 527 3779 pap
551 3705 608 3770 est,
633 3715 736 3780 quum
757 3721 928 3771 araturas
947 3725 1089 3785 αρχοντες
1107 3699 1235 3778 Adanu,
1259 3706 1457 3788 perstitemnt
1473 3691 1484 3756 s
1494 3723 1503 3736 ·

467 3829 539 3874 eere
561 3829 633 3874 rem
654 3833 825 3888 cursorios,
848 3816 1077 3902 progignentes
1100 3841 1251 3901 αρχοντας
1273 3830 1307 3880 et
1322 3823 1505 3903 epxowutvt

467 3935 501 3987 et
522 3934 678 4009 αγγελους
700 3937 733 3989 et
761 3937 951 4013 λεηουργους
980 3940 1013 3992 et
1041 3925 1188 4000 δικανσυς.
1233 3929 1354 3996 Exiens
1381 3950 1397 3994 e
1422 3923 1528 3990 demat

466 4033 536 4113 let,
570 4051 664 4122 pater
692 4040 758 4104 mei
783 4041 902 4128 patris,
933 4039 1047 4128 ligavit
1074 4063 1131 4108 eos
1159 4045 1194 4108 in
1217 4041 1378 4134 simppop
1396 4048 1504 4126 sperat·

375 3903 407 3952 Κ

546 4273 577 4336 7.
603 4301 728 4363 αορατων
753 4279 876 4341 deorum
897 4283 1032 4368 (soporae
1060 4283 1108 4346 dei
1133 4283 1183 4362 P.)
1242 4283 1289 4344 19·
1317 4284 1348 4344 5⁰
1374 4276 1454 4362 Puppi
1474 4270 1503 4346 (in

463 4373 557 4454 puppi
579 4396 603 4434 s.
626 4387 715 4460 tergo
736 4377 825 4442 lunae
845 4380 896 4460 P.)
1552 4395 1553 4398 ¹
