3254 5340
640 474 707 544 123

130 648 358 731 llelcfficedec‚
380 671 521 740 magnus
535 665 767 741 παρειλημπτωρ
789 652 930 736 luminis,
954 670 988 724 et
1008 661 1118 750 magni
1142 657 1209 729 duo

131 793 344 854 προηγουμινοι
370 767 541 852 προεβαλον
565 785 605 832 ex
633 768 755 833 lumine
779 769 914 848 selecto,
943 772 1033 858 quod
1062 787 1112 838 est
1137 788 1209 844 ηλι-

131 907 220 966 κρινις
241 881 354 958 valde,
383 883 509 968 primae
533 879 673 960 arboris,
702 884 873 969 usquead
897 888 1046 971 quintam
1074 890 1129 973 (sc.
1157 912 1210 954 ar-

132 995 269 1079 borem).
320 994 379 1060 leit
407 1023 464 1078 μεν
500 997 562 1060 iste
594 1010 645 1060 est
675 1023 831 1067 truncant
860 999 1008 1076 luminu,
1040 1005 1096 1088 qui
1125 1030 1210 1085 τροι-

91 1137 106 1175 c
133 1109 219 1188 βιλι
247 1111 374 1197 primus
408 1111 443 1173 in
473 1122 614 1193 ιιλικρινιι
648 1109 771 1175 lumine
800 1115 927 1200 primae
963 1113 1105 1192 arboris;
1146 1125 1209 1204 φυ·

132 1220 198 1311 aa}
229 1245 364 1309 qunque
399 1249 678 1306 κατωπετασμιιτος
711 1225 831 1290 horum
863 1229 918 1312 qui
949 1228 1135 1313 (pertinent)
1167 1228 1210 1296 ad

134 1338 284 1402 dextram
311 1336 478 1420 προεβωλεν
509 1357 549 1402 ex
584 1337 726 1420 secunda
760 1338 892 1416 arbore,
932 1353 966 1404 et
998 1367 1210 1427 προηγουμινοι

136 1450 203 1514 duo
232 1450 398 1532 πραεβιλυν
421 1471 553 1537 quoquc
583 1473 623 1516 ex
653 1465 791 1536 ιιλικρινιι
818 1452 941 1518 lumine
969 1455 1088 1520 selecto
1111 1456 1209 1523 valde

135 1565 252 1628 tertiae
275 1562 399 1628 arboris
423 1577 456 1628 et
478 1577 615 1650 quartae
637 1567 672 1630 in
699 1566 834 1650 θησαυρῳ
856 1565 996 1632 luminis.
1042 1569 1209 1636 Melchise-

20 1719 21 1750 ι
80 1705 108 1748 u
136 1676 198 1744 dec
229 1677 261 1744 δι
292 1699 423 1764 quoque
458 1679 626 1765 προεβαλιν
661 1701 702 1743 cx
736 1682 851 1766 quinta
886 1678 1012 1746 arbore.
1062 1682 1210 1748 Sabadth

20 1837 21 1866 2
132 1815 270 1880 magnus
302 1814 434 1878 quoquc
470 1790 600 1878 cocta,
638 1815 737 1880 quem
771 1795 888 1858 vocavi
922 1817 1034 1860 meum
1069 1811 1208 1883 patrem,

20 1955 21 1982 2
131 1908 299 1994 προιβιλεν
323 1929 363 1971 ex
390 1905 462 1982 leri,
493 1933 644 1992 ιπισκοπῳ
670 1907 816 1986 luminis;
846 1908 907 1972 hos
938 1931 994 1972 sex
1023 1912 1121 1995 igitur
1149 1933 1209 1998 per

20 2063 22 2094 2
133 2037 269 2088 namn
291 2023 388 2107 primi
410 2047 572 2104 μυστηριου
595 2021 730 2085 ultimus
757 2047 963 2102 παραστωτης,
980 2022 1056 2087 iecit
1084 2046 1153 2088 esse
1174 2027 1211 2089 in

20 2185 22 2212 ³
135 2161 219 2219 raro)
247 2135 367 2198 horum
397 2136 453 2219 qui
481 2135 668 2220 (pertinent)
699 2133 740 2198 ad
777 2135 927 2200 dextram
954 2163 1211 2223 carcerariorum

20 2295 21 2330 p
80 2276 109 2318 ro
137 2250 393 2334 congregationis
416 2246 556 2324 luminis,
581 2248 671 2335 quod
690 2251 724 2313 in
740 2249 910 2314 altitudine
931 2278 1038 2318 aaaron
1058 2277 1210 2334 αρχοντων

20 2409 21 2446 p
136 2365 299 2450 (amorrui
327 2360 416 2426 haud
442 2363 725 2450 interpretandum
754 2363 824 2450 lege
851 2363 1087 2452 Appositionis)
1116 2379 1149 2430 et
1174 2369 1209 2432 in

20 2551 21 2556 ἵ
131 2503 256 2560 arrunte
278 2489 312 2542 et
333 2503 408 2560 γενει
436 2479 540 2552 omni,
574 2476 663 2562 quod
691 2480 726 2540 in
755 2480 808 2554 iis,
847 2501 989 2564 quorum
1020 2479 1085 2544 dixi
1113 2480 1209 2544 vobis

131 2613 203 2656 rem
225 2593 492 2676 uniuscuiusque,
516 2613 617 2676 quam
638 2605 821 2678 posuerunt
842 2595 876 2656 in
897 2616 937 2659 eo
953 2597 987 2658 in
1003 2597 1208 2659 emanatione

133 2707 288 2768 universi.
332 2703 472 2791 Propter
496 2703 729 2769 sublimitatem
752 2709 883 2783 correi,
916 2730 1015 2794 quam
1041 2711 1152 2795 posuit
1174 2710 1209 2772 in

79 2845 109 2885 ι
137 2839 188 2894 se,
219 2830 316 2882 erunt
346 2821 422 2882 socii
450 2839 542 2904 regen
571 2821 606 2883 in
639 2821 746 2905 primo
776 2845 928 2906 μυστηριῳ
956 2824 1082 2908 primae
1112 2830 1210 2907 φωνης
1251 2815 1322 2889 194

136 2930 282 3017 inracpac
304 2929 450 3006 luminis,
473 2930 576 2996 suturi
598 2935 633 2996 in
655 2959 736 3018 corp
755 2929 871 3016 clarzur
895 2934 1120 3019 accipientium
1143 2938 1210 3021 pri·

134 3067 230 3110 mum
261 3071 418 3131 μυστηριον
452 3047 550 3133 primi
579 3072 738 3128 μυσηριου,
773 3057 806 3108 et
841 3045 978 3130 παρθενος
1011 3046 1142 3110 luminis
1177 3060 1211 3111 et
1322 3033 1324 3036 Ι

132 3181 272 3247 magnus
302 3163 463 3243 ἡγουμενος
489 3185 595 3242 percu,
634 3181 734 3245 quem
764 3184 906 3243 αρχοντες
931 3185 1038 3224 cruror
1073 3171 1209 3224 vocant:

134 3295 292 3359 magnum
306 3272 373 3348 Iao,
396 3299 479 3340 aare
500 3295 622 3338 nornen
644 3275 754 3360 magni
777 3299 935 3355 αρχοντος,
959 3275 1071 3359 quiin
1094 3293 1210 3338 eorum
1270 3241 1305 3316 li

79 3413 109 3456 aa
135 3413 227 3472 τοπῳ,
249 3389 310 3450 'acte
333 3385 523 3465 atracinus
545 3387 690 3464 luminis,
719 3390 853 3472 eiusque
877 3386 1049 3451 duodecim
1072 3384 1210 3465 iteraret,

133 3500 310 3586 inquibus
338 3504 505 3588 accepistis
534 3511 663 3588 μορφηιν,
693 3515 726 3566 et
756 3523 773 3566 e
801 3500 920 3588 quibus
943 3504 1110 3590 accepistin
1132 3504 1211 3581 vim,

134 3629 234 3682 crunt
264 3637 398 3702 quoque
429 3636 542 3680 omnes
572 3637 673 3702 reges.
729 3615 775 3682 Et
806 3619 932 3703 primus
963 3642 1055 3702 σωττρ
1085 3621 1211 3705 primae

133 3739 233 3818 φωνης
255 3732 291 3793 in
313 3754 394 3816 ταπῳ
412 3726 529 3815 doxon
551 3729 680 3808 horum,
705 3733 761 3818 qui
784 3734 942 3818 accipient
962 3735 1106 3818 primum
1128 3758 1210 3811 μυσ·

133 3869 226 3926 raptor
247 3845 345 3930 primi
366 3869 527 3925 μυστηριου
550 3846 584 3908 in
610 3858 816 3930 κληρονομιαις
837 3845 983 3920 luminis,
1018 3857 1051 3908 et
1074 3843 1210 3928 quinde-

79 3982 108 4024 ιο
137 3959 202 4020 cim
225 3981 419 4038 reparantur
449 3969 573 4045 septem
596 3957 741 4043 παρθενων
768 3957 917 4032 luminis,
955 3977 1039 4040 quae
1070 3968 1147 4018 sunt
1175 3957 1211 4019 in

132 4095 223 4160 μισῳ
253 4067 453 4134 emauabunt
479 4095 496 4136 e
524 4097 622 4142 τοποις
652 4069 825 4135 duodecim
855 4094 1003 4154 σωτηρων,
1032 4079 1066 4131 et
1094 4067 1211 4154 reliqui

217 4227 250 4288 3.
270 4248 364 4308 nsque
384 4228 448 4306 (icc
461 4249 555 4310 nsque
571 4229 604 4288 P.
626 4229 697 4290 item
718 4225 793 4288 inira
812 4247 842 4306 p.
858 4223 930 4302 125,
952 4223 1057 4304 l.17.)
1109 4225 1138 4288 8.
1161 4248 1211 4289 ae·

132 4327 214 4392 lecto
229 4333 320 4410 (puro
336 4329 386 4406 P.)
429 4332 480 4391 10.
503 4329 562 4392 del.
578 4325 652 4404 „da”
667 4329 701 4388 P.
745 4324 796 4387 14.
815 4349 969 4399 οικονομιας
981 4329 1148 4407 (amovemur
1162 4327 1212 4406 P.)

133 4429 185 4492 29.
202 4441 235 4493 et
245 4429 416 4512 quindecim
430 4433 533 4512 (atque
548 4429 637 4492 etiarn
651 4426 820 4511 quindecim
841 4427 890 4507 Ρ.)
