3296 5354
950 455 995 524 tt

435 639 556 706 nebula
579 661 675 725 arpos,
706 647 776 703 esto
800 635 978 724 caligatis,
1008 655 1091 702 neve
1113 632 1247 701 vidento
1278 632 1379 712 diem,
1408 647 1510 702 utne

435 753 640 842 prehendant
661 773 730 830 me3
754 765 825 817 esto
848 755 1011 838 impotens
1035 773 1150 816 eorum
1166 749 1347 826 consilium,
1370 761 1510 836 atquae

436 867 671 943 deliberarunt,
699 869 856 932 veniunto
885 868 921 929 in
948 887 1021 944 eos;
1049 863 1198 929 meditati
1225 876 1303 928 sunt
1331 863 1510 939 consilium,

435 1004 519 1047 neve
550 995 620 1047 esto
649 983 697 1044 iis.
741 978 899 1043 Vicerunt
929 1001 985 1043 eos
1014 977 1131 1055 velidi,
1168 991 1202 1043 et
1232 999 1316 1062 quae
1352 992 1511 1064 pararunt

436 1119 553 1172 aeaut,
584 1093 728 1180 collapsa
756 1105 833 1155 sunt
860 1091 947 1156 infra
976 1113 1041 1157 eos.
1086 1090 1147 1156 Est
1176 1111 1247 1154 mea
1277 1103 1362 1160 ελπις
1388 1093 1424 1154 in
1452 1089 1509 1154 do·
1545 1115 1557 1154 s

436 1212 541 1285 mino,
573 1221 606 1272 et
632 1205 722 1270 haud
749 1204 889 1282 timebo,
921 1204 1011 1292 quod
1039 1219 1077 1269 tu
1106 1227 1140 1269 es
1170 1227 1263 1270 meus
1292 1204 1387 1281 deus,
1418 1225 1509 1268 meus

437 1320 559 1408 emp?
603 1319 741 1384 Factum
764 1331 814 1384 est
835 1323 948 1406 igitur,
978 1341 1081 1404 quum
1104 1318 1236 1383 Salome
1259 1317 1383 1382 finisset
1405 1317 1510 1383 dicere

327 1430 398 1507 115
436 1436 517 1500 hacc
547 1433 663 1510 verba,
698 1432 779 1497 dixit
808 1436 837 1497 ei
866 1432 971 1497 lesus:
1006 1459 1076 1519 ευγι
1110 1431 1241 1497 Salome
1270 1446 1370 1518 atque
1399 1445 1508 1502 κιλως.

436 1549 525 1614 Haec
549 1561 599 1612 est
621 1547 740 1612 solutio
763 1545 957 1622 verborum,
981 1569 1066 1633 quae
1089 1546 1171 1611 dixit
1192 1572 1287 1614 τιστις
1305 1554 1414 1632 repro.

526 1661 666 1748 Pergens
690 1659 722 1728 dr
745 1661 851 1724 adhuc
872 1660 962 1725 Iesus
988 1663 1023 1724 in
1050 1682 1214 1736 sermone,
1246 1659 1327 1724 dixit
1356 1662 1423 1724 suis
1445 1684 1507 1742 μι-
1533 1683 1556 1724 u

438 1775 549 1851 θηταιςε
573 1775 710 1840 Factum
733 1789 791 1850 est,
815 1797 917 1860 quum
939 1799 1035 1845 πιστις
1054 1783 1152 1861 repre
1171 1774 1295 1838 finisset
1311 1773 1416 1837 dicere
1431 1772 1509 1837 baec

438 1889 541 1956 verba
556 1893 591 1954 in
606 1889 696 1965 chao,
712 1864 782 1953 ¹feci
796 1892 863 1953 vim
886 1887 1027 1966 luminis,
1051 1910 1152 1974 quam
1173 1890 1248 1952 misi
1271 1891 1299 1951 ci
1320 1886 1363 1951 ad
1378 1909 1509 1952 servan·

440 2004 517 2069 dam
540 2026 628 2079 eam,
658 2003 720 2067 seci
744 2025 818 2068 eam
841 2024 911 2068 esse
935 2023 1090 2067 coronam
1111 2002 1192 2066 lueis
1220 2001 1305 2064 illius
1334 2004 1446 2087 capiti,
1475 2013 1512 2063 ut

437 2140 479 2182 nc
503 2129 695 2203 superarent
718 2137 790 2180 eam
812 2115 887 2180 inde
916 2114 1042 2180 abhoc
1069 2129 1218 2202 ternpore
1246 2115 1396 2202 προβολαι
1416 2113 1509 2180 auia·

438 2228 520 2305 dove,
544 2242 642 2316 atquc
666 2251 769 2314 quum
793 2243 878 2294 esset
900 2251 1022 2296 corona
1048 2229 1129 2294 lucis
1158 2233 1227 2294 eius
1256 2231 1369 2317 capiti,
1397 2249 1508 2293 move·
1532 2251 1556 2290 ιι

437 2356 517 2408 runt
537 2346 617 2414 ύλας
641 2363 754 2406 omnes
777 2345 808 2429 (i.
825 2365 852 2407 e.
875 2357 986 2409 motae
1016 2357 1093 2408 sunt
1113 2346 1189 2410 ύλωι
1212 2343 1337 2428 omnes)
1367 2363 1451 2429 quae
1476 2345 1509 2404 in

439 2479 492 2532 ea,
528 2469 561 2520 et
582 2468 740 2543 purgatae
764 2470 842 2520 suut
863 2479 977 2522 omnes
999 2461 1033 2522 in
1057 2481 1110 2535 ea,
1132 2461 1300 2545 perierunt
1322 2469 1355 2521 et
1378 2455 1511 2520 fuerunt

437 2573 473 2634 in
496 2570 595 2646 chao,
630 2569 831 2635 intuentibus
860 2575 894 2636 in
925 2593 978 2636 eas
1008 2574 1174 2658 προβολαις
1192 2570 1340 2644 cudebat
1370 2583 1402 2635 et
1433 2591 1510 2656 gau·

439 2683 590 2748 dentibus
612 2686 666 2761 iis,
690 2697 723 2749 et
743 2706 847 2771 purae
863 2686 918 2772 (sc.
932 2686 1055 2773 partes)
1077 2687 1209 2751 luminis
1229 2699 1403 2770 estimarent,
1427 2705 1510 2770 quae

436 2801 473 2862 in
494 2807 605 2886 repta,
636 2797 797 2864 dederunt
818 2805 885 2865 vim
907 2800 1039 2864 luminis
1067 2822 1160 2865 meae
1187 2803 1220 2865 vi
1249 2799 1397 2875 luminis,
1426 2819 1509 2884 quac
1532 2821 1559 2861 n

437 2911 502 2977 fuit
524 2935 646 2978 corona
667 2913 753 2978 illius
777 2917 883 3002 capiti.
924 2913 1061 2978 Factum
1083 2917 1182 3001 igitur
1205 2927 1255 2978 est
1277 2917 1385 2990 etiam,
1408 2933 1511 3000 quum

438 3030 493 3115 (sc.
514 3051 588 3093 mea
605 3028 664 3113 vis)
688 3028 904 3093 circumdaret
925 3028 1037 3094 lumen
1059 3041 1213 3114 ειλικρινες,
1236 3026 1327 3113 quod
1347 3029 1383 3091 in
1405 3035 1510 3114 σοφιφ,

439 3156 538 3228 atque
566 3146 634 3207 eius
663 3155 808 3230 ειλικρινες
836 3144 948 3208 lumen
975 3142 1063 3207 haud
1094 3142 1222 3207 abesset
1251 3165 1270 3205 a
1301 3163 1423 3206 corona
1451 3143 1510 3216 vis,

437 3253 588 3320 flammae
610 3255 751 3332 lucidae,
778 3270 816 3320 ut
837 3279 878 3321 ne
900 3259 1068 3344 privarent
1091 3278 1163 3322 eam
1186 3257 1336 3342 προβολαι
1355 3251 1510 3330 attactos,

441 3407 478 3419 -
504 3370 584 3433 baec
610 3373 708 3454 igitur
731 3392 833 3455 quum
860 3370 976 3435 fierent
999 3375 1042 3448 ci,
1071 3373 1191 3458 incepit
1212 3373 1345 3456 ὑμνευειν
1366 3371 1416 3434 vis
1439 3381 1510 3434 ιιλι-
1534 3391 1558 3432 ι

438 3506 530 3566 aptent
552 3481 696 3557 luminis,
721 3503 805 3567 quae
828 3485 862 3547 in
885 3491 991 3572 σοφιᾳ.
1027 3489 1217 3568 ‘Turturum
1236 3482 1268 3551 de
1290 3505 1382 3548 meac
1403 3485 1438 3547 vi
1459 3482 1510 3545 lu·

437 3595 543 3668 minis,
567 3615 651 3679 quae
675 3607 724 3658 est
747 3615 868 3660 corona
888 3599 957 3662 eius
974 3601 1079 3686 capiti,
1103 3602 1322 3683 cecinitdpvcr
1340 3595 1510 3664 didicens:

439 3706 589 3784 „Lumen
612 3721 661 3772 est
684 3729 806 3773 corona
828 3731 902 3775 meo
926 3714 1039 3799 capiti,
1069 3727 1102 3778 et
1123 3712 1214 3778 baud
1236 3735 1292 3778 ero
1316 3710 1440 3796 absque
1462 3731 1510 3784 ea,

436 3834 476 3885 ut
504 3843 545 3886 ne
573 3824 704 3910 privent
731 3844 784 3887 me
810 3825 960 3910 προβολαι
991 3823 1153 3902 ariadnae,
1189 3840 1235 3904 et,
1270 3847 1374 3912 quum
1401 3837 1511 3889 motae

327 3927 399 4002 116
437 3935 560 4002 fuerint
580 3941 656 4004 ὐλωι
680 3959 808 4014 omnes,
832 3961 892 4026 ego
916 3937 948 4006 dc
969 3940 1058 4005 haud
1080 3940 1248 4018 movebor,
1272 3954 1305 4005 et
1327 3961 1430 4026 quum
1452 3959 1509 4026 pe·
1534 3961 1557 4002 a

334 4091 360 4144 2(
436 4053 551 4116 rierint
572 4074 665 4117 meae
686 4056 762 4120 ὑλιι
787 4075 915 4132 omncs,
938 4069 977 4120 ut
998 4068 1153 4120 maneant
1174 4058 1209 4120 in
1231 4055 1329 4131 chao,
1358 4073 1440 4140 quae
1462 4055 1511 4115 vi·

440 4163 564 4230 debunt
593 4166 743 4256 προβολαι
774 4167 938 4246 acdricus,
974 4191 1033 4257 ego
1064 4168 1096 4237 de
1129 4167 1220 4234 baud
1254 4167 1386 4258 peribo,
1421 4165 1511 4253 quod

522 4294 552 4355 4.
580 4317 655 4359 neve
683 4311 749 4360 etto
776 4301 824 4378 (et
844 4321 906 4362 non
927 4299 1035 4362 factum
1058 4313 1104 4362 est
1127 4301 1178 4381 P.)
1241 4300 1271 4363 4.
1295 4300 1443 4362 vicerunt
1465 4300 1512 4378 (et

437 4394 577 4457 vicerunt
596 4397 644 4475 P.)
688 4399 737 4458 11.
759 4400 881 4461 Factum
902 4400 979 4481 (add.
1000 4401 1096 4486 igitur
1115 4401 1166 4480 Ρ.)
