3240 5328
965 487 1031 553 196

460 666 575 736 volens
598 667 742 756 τειραζειν
755 665 891 732 Petrum
913 665 957 732 ed
978 662 1166 745 videndum,
1188 689 1266 732 rrum
1287 669 1325 731 sit
1339 669 1485 734 misericors

462 795 497 849 ct
517 786 685 848 remittens
709 795 856 870 peccate,
890 782 973 845 sieut
994 783 1204 868 imperaverit
1230 783 1272 857 ci,
1300 780 1373 845 dixit
1391 779 1425 845 ed
1442 779 1486 844 Pc-

461 909 567 960 trum:
599 916 671 959 ecce
700 909 750 960 tcr
780 896 933 974 εβιιπτισσ,
961 894 1044 958 hanc
1067 892 1190 982 ψυχην,
1221 907 1252 960 ct
1281 897 1312 957 in
1338 894 1381 959 his
1408 893 1485 958 tribus

461 1009 587 1076 vicibus
609 1007 699 1072 haud
722 1008 800 1073 iecit
822 1007 954 1095 dignum
976 1035 1128 1095 μυστηριῳ
1150 1009 1287 1073 luminis.
1317 1009 1487 1095 Quapropter

461 1124 562 1208 igitur
583 1121 696 1186 inutile
719 1121 826 1187 reddit
849 1148 942 1202 σωμα
966 1123 1117 1208 quoque?
1157 1121 1249 1187 Nune
1270 1124 1360 1209 igitur
1381 1149 1428 1196 sur,
1445 1119 1487 1183 Pe·
1511 1143 1519 1180 ι

461 1248 526 1311 tre,
549 1234 601 1298 fac
624 1259 784 1317 nument
806 1235 951 1312 luminis,
976 1235 1065 1322 quod
1089 1235 1244 1300 exscindit
1264 1234 1372 1322 dexte
1389 1237 1418 1297 in
1436 1245 1489 1304 ιλιι·

460 1371 606 1434 potensest
627 1346 773 1425 luminis3
803 1347 855 1412 iac
877 1375 1035 1436 μυστηριιν
1055 1348 1152 1426 illud,
1177 1363 1216 1413 ut
1238 1347 1391 1414 exscindet
1408 1343 1489 1432 ψυχιι

461 1459 558 1525 huius
582 1460 725 1526 mulieris
748 1465 782 1526 in
805 1475 1011 1548 κλκρινομιιιις
1026 1463 1167 1528 luminis.
1211 1463 1297 1528 Hace
1315 1465 1402 1549 igitur
1415 1481 1490 1546 quum

462 1573 595 1638 dixisset
617 1600 720 1657 semp,
744 1601 891 1656 ιπειριισιν
915 1575 957 1640 ad
978 1575 1168 1652 videndum,
1190 1600 1270 1641 num
1285 1580 1324 1640 sit
1337 1577 1490 1646 misericors

460 1691 639 1753 remittens.
684 1689 774 1754 Haec
802 1693 899 1776 igitur
922 1712 1025 1775 quum
1053 1692 1184 1756 locutus
1212 1703 1295 1756 esset
1315 1715 1411 1772 recep,
1433 1685 1521 1751 dixits

461 1800 594 1866 Petrus:
618 1805 663 1866 mi
687 1801 827 1881 domine,
851 1807 919 1868 sine
944 1825 1015 1868 eam
1039 1808 1137 1868 etiam
1160 1805 1222 1870 hac
1244 1808 1320 1881 vice,
1342 1817 1375 1868 ut
1395 1801 1492 1866 dcmci

460 1941 613 2002 μυστηρισ,
636 1915 795 1982 sublimia.
839 1917 885 1982 Et
907 1919 933 1982 si
962 1917 1062 1981 fucrit
1089 1919 1194 1994 utilis,
1224 1921 1298 1984 sinis
1324 1941 1390 1983 eam
1414 1929 1493 1996 steps·

461 2056 555 2110 ιομειν
577 2052 715 2117 regnum
737 2031 883 2109 luminis;
908 2034 956 2095 sin
980 2029 1010 2096 de
1025 2031 1114 2096 haud
1133 2031 1236 2098 suerit
1253 2033 1349 2108 utilis,
1369 2026 1492 2095 exscindi

461 2163 535 2208 eam
557 2165 575 2208 e
597 2166 698 2230 regno
720 2144 861 2209 luminis.
899 2145 987 2210 Haec
1009 2147 1108 2233 igitur
1131 2168 1238 2232 quum
1260 2147 1383 2211 dixisset
1397 2143 1492 2214 Pecus

461 2258 614 2340 cognovit
636 2281 742 2340 σωτηρ,
770 2257 905 2322 Petrum
929 2280 998 2322 csse
1021 2259 1266 2325 misericordem
1289 2259 1329 2324 ad
1353 2262 1439 2322 instrr
1457 2255 1520 2318 suis

460 2380 495 2431 et
521 2369 750 2434 remittentem.
795 2369 884 2434 Haec
910 2374 1010 2458 igitur
1039 2376 1148 2437 omnia
1171 2396 1277 2460 quum
1302 2374 1383 2438 facte
1406 2379 1491 2442 essert,

461 2479 542 2546 dixit
563 2507 656 2566 σωτηρ
680 2486 746 2548 suis
773 2482 935 2566 μαθητωιςε
965 2512 1100 2560 stenem
1125 2487 1208 2552 haec
1234 2487 1333 2553 verbe
1360 2487 1452 2552 omnis
1470 2493 1492 2544 et

345 2592 420 2667 313
459 2621 550 2662 susos
572 2596 668 2660 huius
697 2597 861 2661 mulieris?
906 2598 1120 2687 Respondeas
1144 2601 1249 2666 Maria
1278 2602 1367 2666 dixit:
1393 2602 1430 2664 mi
1452 2593 1491 2658 dt-

458 2709 562 2782 mine,
593 2733 697 2780 nerse
719 2736 869 2794 μυπηριι
897 2712 1091 2789 verborum,
1123 2737 1208 2801 quse
1238 2717 1323 2780 facta
1351 2727 1419 2780 sunt
1440 2710 1492 2774 huic
1556 2773 1557 2804 1

458 2819 601 2899 mulieri3
633 2818 674 2886 de
701 2821 800 2887 rebus
824 2852 872 2890 cvr
895 2848 979 2913 quae
1006 2827 1112 2891 factae
1136 2833 1279 2906 suntsi,
1307 2828 1406 2894 dixisti
1424 2821 1518 2890 nebisr
1556 2819 1557 2902 i

459 2933 538 2999 olim
560 2936 595 2999 in
617 2937 781 3027 πιιραβολῃ
806 2937 927 3004 dicens:
952 2953 1023 3004 erat
1044 2941 1168 3006 homini
1192 2943 1294 3010 urbm
1314 2943 1389 3008 iicus
1408 2943 1436 3004 in
1453 2955 1493 3000 sur

456 3051 563 3115 vinea.
605 3047 705 3114 Venit
734 3049 765 3116 δι
796 3073 955 3137 quaerens
986 3055 1055 3118 eius
1086 3083 1208 3141 καρπον,
1242 3071 1276 3123 ct
1303 3055 1386 3122 haud
1405 3051 1494 3140 reperit

458 3161 638 3249 quidquam
660 3165 694 3226 in
718 3186 764 3230 es
804 3164 894 3231 Dixit
917 3189 1028 3232 eoram
1050 3169 1246 3236 hortulano:
1271 3173 1324 3237 err!
1346 3181 1492 3235 tresanus

456 3279 553 3341 venio
578 3299 736 3363 quaerens
759 3307 870 3360 sepsos
892 3284 927 3345 in
954 3281 1015 3346 hec
1044 3283 1162 3349 arbore
1185 3285 1282 3363 iicus,
1312 3299 1344 3351 et
1369 3279 1444 3348 haud
1460 3279 1492 3340 in·

456 3393 552 3454 venio
577 3389 757 3477 quidquam
778 3395 813 3457 in
837 3417 884 3460 ea.
925 3395 1087 3462 Exscinde
1104 3420 1176 3464 eam
1198 3402 1307 3485 igitur,
1330 3403 1518 3486 quapropttrt

455 3499 564 3564 reddit
585 3504 733 3568 inutilem
757 3528 889 3592 quoque
912 3509 1055 3574 terrem?
1093 3510 1156 3577 Istc
1174 3511 1204 3578 ds
1225 3513 1419 3601 respondens
1438 3503 1492 3570 dixti

456 3613 501 3676 ei:
530 3614 575 3675 mi
604 3611 750 3691 domine,
781 3617 907 3685 abstine
937 3621 979 3686 ab
1008 3645 1046 3688 ce
1075 3627 1174 3690 etism
1201 3625 1264 3692 hoc
1293 3650 1393 3702 anno,
1418 3633 1493 3702 usque

456 3721 536 3790 dum
559 3724 716 3792 effodiens
741 3732 962 3811 cirenensem,
986 3735 1131 3802 dederim
1154 3738 1270 3804 fimum
1294 3744 1337 3817 εἰς
1360 3725 1492 3825 quodsi&

455 3839 638 3906 exhibuerit
660 3841 763 3909 altero
787 3869 889 3924 anno,
919 3851 995 3914 sinis
1019 3872 1106 3928 eam,
1134 3855 1183 3918 sin
1206 3853 1238 3920 dx
1260 3852 1349 3918 haud
1370 3844 1493 3938 κριταὶ·
1555 3897 1556 3904 1

455 3952 650 4042 quidquam,
679 3959 838 4026 exscindit
866 3983 948 4029 cem.
992 3963 1092 4044 Ecce,
1115 3968 1210 4044 haec,
1239 3971 1285 4032 mi
1309 3967 1442 4038 dominc,
1459 3967 1520 4020 tii*

454 4067 574 4135 solutio
597 4070 697 4136 verbi.
727 4072 941 4163 Respondeas
954 4103 1057 4163 ,σωτηρ
1081 4078 1162 4145 dixit
1181 4081 1319 4148 Mariae:
1342 4105 1415 4164 ιυγι,
1432 4097 1493 4138 mv·

450 4204 580 4262 μιτικη,
603 4183 665 4250 hoc
689 4201 740 4252 est
759 4187 908 4254 verbum.
953 4190 1095 4280 Pergens
1118 4193 1225 4260 adhuc
1239 4195 1342 4261 Maria
1364 4192 1436 4260 dixit
1452 4209 1493 4250 tt*

532 4311 562 4370 2.
585 4314 666 4375 sicut
687 4323 776 4396 (κατα
797 4321 933 4399 modum,
960 4345 1019 4404 quo
1042 4326 1090 4403 P.)
1111 4359 1146 4374 -
1167 4327 1195 4388 ei
1216 4329 1268 4406 (iis
1290 4329 1341 4404 P.)
1399 4321 1493 4392 1111·

450 4431 531 4493 '‘ie‘t’
553 4413 725 4499 (uthetsts
748 4420 795 4495 Ρ.)
855 4424 905 4484 11.
932 4435 966 4486 ut
986 4423 1053 4487 dem
1075 4427 1125 4506 (ut
1146 4423 1248 4489 demus
1272 4427 1321 4506 1³.)
