3296 5354
678 474 722 544 65

159 665 326 726 internum
349 658 485 733 interni,
515 676 621 742 neque
651 655 740 743 (ουτε)
768 654 830 722 illis
860 677 946 744 quac
977 657 1165 746 (pertinent)
1196 657 1239 727 ad

160 787 334 839 externum
363 773 502 846 externi,
534 795 557 835 ει
576 795 647 855 pensi
670 773 778 858 primo
801 797 952 860 μυστηριῳ
975 772 1056 838 solo.
1100 771 1240 840 Factum

159 889 259 974 igitur
282 897 339 962 est,
364 906 468 970 quum
490 885 651 948 venissem
673 885 708 948 in
730 884 829 949 chaos
852 883 894 948 ad
915 884 1135 952 adiuvandam
1156 909 1238 965 eam,

159 999 243 1065 vidit
262 1021 318 1066 me
342 999 398 1084 (sc.
419 1023 483 1062 m.
499 997 556 1080 c),
587 1000 707 1084 quippe
738 1000 794 1083 qui
822 1019 927 1062 essem
950 1026 1039 1084 νοερος
1069 1013 1102 1065 et
1131 1000 1238 1088 splen-

103 1141 118 1180 s
163 1113 275 1178 derem
297 1111 411 1186 valde,
434 1123 467 1175 et
491 1113 547 1196 qui
571 1133 675 1175 essem
698 1114 881 1176 misericors
903 1114 938 1176 in
951 1135 1038 1190 eam,
1064 1135 1132 1178 non
1148 1135 1239 1178 eram

161 1254 221 1314 γαρ
244 1222 374 1298 aciem
399 1227 482 1289 sicut
505 1225 553 1288 vis
578 1245 652 1288 eum
675 1223 756 1288 facie
778 1224 891 1301 leonis,
916 1247 1000 1311 quae
1021 1225 1239 1292 abstulitvim
1282 1201 1298 1262 l

160 1341 291 1406 luminis
312 1342 349 1404 in
378 1347 492 1425 copia,
525 1349 558 1402 et
587 1359 671 1423 quae
700 1337 817 1402 afllixit
847 1361 919 1403 eam
950 1339 994 1404 ad
1023 1339 1240 1405 auferendum

162 1453 275 1518 lumen
296 1465 413 1526 totum,
437 1472 522 1537 quae
543 1453 578 1514 in
601 1473 654 1530 ea3
678 1450 762 1516 vidit
783 1454 882 1538 igitur
903 1475 956 1516 me
979 1453 1166 1540 praeditum
1187 1454 1239 1518 lu·

162 1569 250 1631 mine
273 1567 388 1630 maiori
411 1587 512 1652 quam
535 1562 659 1648 δυναμιν
676 1587 751 1629 cum
771 1564 854 1630 facie
873 1565 976 1630 leonis
993 1565 1097 1631 decies
1113 1567 1238 1644 millies,

107 1706 135 1747 ro
164 1693 196 1746 ct
219 1677 462 1744 misericordem
485 1701 562 1765 erga
585 1701 671 1756 cam,
703 1692 802 1765 atque
825 1678 996 1755 intellexit,
1026 1701 1079 1745 me
1102 1702 1143 1744 ex
1166 1680 1238 1744 alti-
1280 1681 1353 1753 100

161 1794 273 1859 tudine
297 1791 508 1857 altitudinum
531 1814 616 1868 csse,
654 1793 744 1856 cuius
770 1791 885 1856 lumini
908 1819 1075 1858 επιστευσεν
1097 1791 1172 1856 inde
1197 1791 1239 1856 ab

160 1911 268 1984 initio,
298 1905 421 1972 conlisa
447 1909 545 1993 igitur
576 1919 625 1970 est
654 1930 751 1977 τιστις
777 1913 874 1992 copta
905 1918 938 1970 et
969 1905 1050 1970 dixit
1080 1903 1240 1970 decimam

161 2047 320 2107 μετωνωοιν
345 2019 467 2084 dicens:
496 2018 668 2096 „Clamavi
698 2040 828 2082 sursum
857 2017 900 2083 ad
926 2031 975 2096 te,
1004 2019 1116 2084 lumen
1142 2018 1239 2082 lumi-

163 2156 261 2212 num;
291 2155 394 2219 quum
417 2132 610 2219 affligerem,
633 2131 752 2198 audisti
774 2153 841 2208 me,
863 2108 989 2208 lumen,
1014 2155 1109 2198 serva
1130 2155 1240 2198 meam

110 2273 138 2313 re
165 2249 234 2313 vim
264 2269 284 2310 a
312 2244 407 2311 labiis
433 2249 559 2311 iniustis
589 2259 623 2311 et
651 2271 784 2330 ereptore,
820 2259 853 2310 et
881 2245 922 2310 ab
954 2245 1077 2311 insidiis
1108 2245 1239 2312 dolosis.

161 2361 305 2437 Lumen,
337 2359 427 2446 quod
449 2360 590 2425 ablaturi
619 2373 696 2424 sunt
725 2383 744 2424 a
771 2381 825 2424 me
854 2359 977 2425 insidiis
1003 2360 1137 2436 dolosis,
1172 2382 1240 2424 non

162 2475 301 2540 afferent
323 2474 391 2537 tibi.
436 2473 575 2538 Insidiae
597 2501 657 2560 γαρ
682 2471 829 2546 audoisae
858 2487 1052 2539 emanarunt
1075 2487 1108 2539 et
1128 2473 1239 2559 laquei

161 2587 440 2665 immisericordis;
474 2610 536 2652 vae
558 2589 652 2663 mihi,
682 2587 771 2673 quod
798 2611 909 2652 meum
937 2587 1160 2652 babitaculum
1186 2609 1238 2652 re-

161 2716 305 2779 motum,
329 2715 364 2766 ct
387 2723 461 2766 sum
483 2703 517 2764 in
539 2700 731 2766 habitaculis
756 2702 870 2780 chaus3
894 2723 968 2766 mea
989 2705 1038 2766 vis
1062 2713 1113 2767 est
1134 2703 1169 2764 in
1191 2727 1239 2766 aa·

110 2840 137 2881 ao
164 2841 226 2888 ποις
255 2815 345 2880 haud
374 2817 464 2880 meis.
524 2814 649 2880 Blande
684 2815 827 2880 allocuta
861 2836 934 2878 sum
968 2814 1239 2883 immisericordes

163 2930 252 3005 illos,
287 2943 320 2994 et
351 2951 455 3014 quum
484 2927 603 2994 blande
633 2929 775 2993 allocuta
810 2949 914 2991 essem
944 2947 1017 3002 cos,
1050 2941 1241 3013 pugnarunt

165 3055 279 3106 eontra
300 3065 353 3107 me
377 3046 445 3107 sine
469 3043 594 3107 causa.”
636 3041 725 3105 Haec
747 3043 845 3127 igitur
869 3062 973 3126 quum
993 3038 1083 3102 lesus
1107 3038 1240 3102 dixisset

165 3159 232 3220 suis
254 3154 415 3239 pansae,
445 3156 525 3221 dixit
546 3160 600 3221 iis:
630 3176 716 3220 nunc
739 3157 846 3240 igitur,
876 3173 973 3239 quem
998 3173 1096 3218 suum
1118 3177 1240 3236 πνευμα,

122 3269 123 3272 ’
164 3272 321 3346 moverit,
350 3271 565 3358 progreditor,
600 3281 637 3334 ut
667 3267 754 3334 dicat
787 3266 983 3347 solutionem
1012 3264 1156 3330 decimae
1182 3291 1238 3349 με·

111 3408 138 3448 as
164 3407 282 3454 seroces
302 3409 424 3455 πιστεως
443 3394 564 3471 raptae.
609 3381 823 3470 Respondeas
838 3380 956 3444 Petrus
980 3378 1074 3444 dixit:
1099 3377 1239 3454 domine,

163 3511 300 3586 propter
321 3498 383 3563 hoc
406 3501 525 3563 iterum
549 3511 607 3562 tua
628 3499 678 3562 vis
706 3495 837 3582 luminis
866 3502 1065 3582 επροφητευσε
1089 3514 1149 3581 per
1171 3492 1238 3558 Da-

161 3611 272 3678 videm
302 3612 380 3678 olim
412 3611 520 3676 dicens
548 3614 584 3674 in
614 3613 789 3674 centesimo
821 3608 946 3675 decimo
980 3630 1069 3673 nono
1091 3606 1239 3674 Psalmo:

162 3725 337 3805 „Clamavi
361 3747 488 3790 sursum
513 3724 556 3788 ad
577 3738 620 3801 tc,
644 3724 784 3802 domine,
809 3746 912 3810 quum
930 3721 1100 3809 affligerer.
1137 3719 1239 3787 Audi-

165 3841 206 3902 sti
228 3861 298 3915 me,
321 3839 466 3916 domine,
503 3861 598 3904 serva
624 3861 734 3904 meam
754 3835 866 3925 ψυχην
890 3861 910 3902 a
935 3836 1028 3900 labiis
1057 3836 1184 3899 iniustis
1208 3843 1241 3896 et
1281 3823 1350 3894 101

111 3973 139 4014 ao
166 3974 187 4015 a
208 3949 320 4036 lingua
342 3951 464 4016 dolosa.
502 3952 593 4036 Quid
611 3952 737 4018 dabunt
757 3951 817 4016 tibi
841 3948 968 4035 etquid
988 3947 1139 4012 adiicient
1159 3943 1240 4008 tibi?

248 4107 280 4170 7.
308 4122 339 4170 et
366 4113 469 4190 (atque
499 4115 586 4174 etiarn
613 4113 662 4192 Ρ.)
730 4111 759 4172 8.
794 4131 868 4190 quae
894 4108 989 4188 (quod
1015 4108 1065 4185 P.)
1132 4104 1161 4166 8.
1194 4125 1242 4167 me

163 4211 241 4290 (add.
264 4225 355 4288 σοφια
376 4211 427 4290 Ρ.)
470 4211 520 4273 14.
542 4213 707 4296 affligerem
725 4209 890 4292 (affligerer
905 4207 954 4282 P.)
996 4205 1045 4269 17.
1069 4217 1241 4268 emanarunt

163 4323 195 4374 et
216 4311 379 4392 (dispersae
400 4325 472 4374 sunt
493 4325 581 4394 atque
603 4313 692 4376 etiam
706 4313 756 4388 P.)
798 4309 850 4369 20.
872 4307 984 4369 Blande
999 4308 1053 4388 (Et
1070 4306 1176 4368 blande
1190 4306 1240 4384 P.)

162 4411 213 4472 30.
236 4413 375 4476 adiiciant
396 4413 454 4476 tibi
476 4414 554 4493 (add.
576 4412 612 4474 ad
633 4412 766 4496 linguam
787 4409 920 4472 dolosam
942 4407 991 4488 P.)

1016 4539 1036 4588 e
