<?xml version="1.0" encoding="UTF-8"?>
<!DOCTYPE html PUBLIC "-//W3C//DTD XHTML 1.0 Transitional//EN"
    "http://www.w3.org/TR/xhtml1/DTD/xhtml1-transitional.dtd">
<html xmlns="http://www.w3.org/1999/xhtml" xml:lang="en" lang="en">
 <head>
  <title>
</title>
<meta http-equiv="Content-Type" content="text/html;charset=utf-8" />
  <meta name='ocr-system' content='tesseract 3.04.00' />
  <meta name='ocr-capabilities' content='ocr_page ocr_carea ocr_par ocr_line ocrx_word'/>
</head>
<body>
  <div class='ocr_page' id='page_1' title='image "./pistissophiaopu00petegoog_0444.png"; bbox 0 0 3296 5354; ppageno 0'>
   <div class='ocr_carea' id='block_1_1' title="bbox 657 488 700 552">
    <p class='ocr_par' dir='ltr' id='par_1_1' title="bbox 657 488 700 552">
     <span class='ocr_line' id='line_1_1' title="bbox 657 488 700 552; baseline 0 0"><span class='ocrx_word' id='word_1_1' title='bbox 657 488 700 552; x_wconf 82' lang='lat'><strong>13</strong></span> 
     </span>
    </p>
   </div>
   <div class='ocr_carea' id='block_1_2' title="bbox 104 664 1215 1215">
    <p class='ocr_par' dir='ltr' id='par_1_2' title="bbox 104 664 1215 1215">
     <span class='ocr_line' id='line_1_2' title="bbox 134 664 1215 759; baseline -0.001 -20"><span class='ocrx_word' id='word_1_2' title='bbox 134 668 263 757; x_wconf 68' lang='grc' dir='ltr'>δυμιτα</span> <span class='ocrx_word' id='word_1_3' title='bbox 293 664 371 732; x_wconf 88' lang='lat' dir='ltr'>duo.</span> <span class='ocrx_word' id='word_1_4' title='bbox 423 664 572 732; x_wconf 80' lang='lat' dir='ltr'><strong>Primum</strong></span> <span class='ocrx_word' id='word_1_5' title='bbox 605 667 738 755; x_wconf 86' lang='lat' dir='ltr'>quidem</span> <span class='ocrx_word' id='word_1_6' title='bbox 773 671 864 754; x_wconf 73' lang='lat' dir='ltr'><strong>(mv),</strong></span> <span class='ocrx_word' id='word_1_7' title='bbox 894 671 1007 735; x_wconf 88' lang='lat' dir='ltr'><strong>estin</strong></span> <span class='ocrx_word' id='word_1_8' title='bbox 1041 692 1080 737; x_wconf 88' lang='lat' dir='ltr'><strong>eo</strong></span> <span class='ocrx_word' id='word_1_9' title='bbox 1111 669 1215 759; x_wconf 81' lang='lat' dir='ltr'><strong>gloria</strong></span> 
     </span>
     <span class='ocr_line' id='line_1_3' title="bbox 135 783 1214 870; baseline 0 -20"><span class='ocrx_word' id='word_1_10' title='bbox 135 787 242 851; x_wconf 81' lang='lat' dir='ltr'><strong>omnis</strong></span> <span class='ocrx_word' id='word_1_11' title='bbox 265 783 439 848; x_wconf 89' lang='lat' dir='ltr'><strong>nominum</strong></span> <span class='ocrx_word' id='word_1_12' title='bbox 462 783 611 846; x_wconf 87' lang='lat' dir='ltr'><strong>omnium</strong></span> <span class='ocrx_word' id='word_1_13' title='bbox 632 807 798 867; x_wconf 74' lang='grc' dir='ltr'><strong><em>μυστηριων</em></strong></span> <span class='ocrx_word' id='word_1_14' title='bbox 820 795 920 870; x_wconf 83' lang='lat' dir='ltr'><strong>atque</strong></span> <span class='ocrx_word' id='word_1_15' title='bbox 934 783 1084 868; x_wconf 73' lang='grc' dir='ltr'><strong>προβολαι</strong></span> <span class='ocrx_word' id='word_1_16' title='bbox 1100 807 1214 850; x_wconf 84' lang='lat' dir='ltr'><strong>omnes</strong></span> 
     </span>
     <span class='ocr_line' id='line_1_4' title="bbox 134 895 1215 990; baseline -0.001 -26"><span class='ocrx_word' id='word_1_17' title='bbox 134 897 247 990; x_wconf 67' lang='grc' dir='ltr'><strong><em>τιξεων</em></strong></span> <span class='ocrx_word' id='word_1_18' title='bbox 265 921 458 981; x_wconf 69' lang='grc' dir='ltr'><strong><em>χωρημωτων</em></strong></span> <span class='ocrx_word' id='word_1_19' title='bbox 480 897 587 972; x_wconf 82' lang='lat' dir='ltr'><strong>istius,</strong></span> <span class='ocrx_word' id='word_1_20' title='bbox 611 899 668 982; x_wconf 89' lang='lat' dir='ltr'><strong>qui</strong></span> <span class='ocrx_word' id='word_1_21' title='bbox 689 895 861 962; x_wconf 83' lang='lat' dir='ltr'><strong>ineffabilis</strong></span> <span class='ocrx_word' id='word_1_22' title='bbox 881 911 939 961; x_wconf 53' lang='lat' dir='ltr'><strong>est„</strong></span> <span class='ocrx_word' id='word_1_23' title='bbox 976 897 1021 962; x_wconf 89' lang='lat' dir='ltr'><strong>Et</strong></span> <span class='ocrx_word' id='word_1_24' title='bbox 1036 898 1215 964; x_wconf 84' lang='lat' dir='ltr'><strong>seeundum</strong></span> 
     </span>
     <span class='ocr_line' id='line_1_5' title="bbox 136 1008 1215 1101; baseline -0.001 -22"><span class='ocrx_word' id='word_1_25' title='bbox 136 1011 266 1095; x_wconf 69' lang='grc' dir='ltr'><strong><em>ενὸυμω,</em></strong></span> <span class='ocrx_word' id='word_1_26' title='bbox 296 1008 389 1096; x_wconf 88' lang='lat' dir='ltr'><strong>quod</strong></span> <span class='ocrx_word' id='word_1_27' title='bbox 412 1022 462 1073; x_wconf 87' lang='lat' dir='ltr'><strong>est</strong></span> <span class='ocrx_word' id='word_1_28' title='bbox 488 1011 523 1072; x_wconf 89' lang='lat' dir='ltr'><strong>in</strong></span> <span class='ocrx_word' id='word_1_29' title='bbox 551 1031 590 1073; x_wconf 88' lang='lat' dir='ltr'><strong>eo</strong></span> <span class='ocrx_word' id='word_1_30' title='bbox 626 1008 729 1094; x_wconf 79' lang='lat' dir='ltr'><strong>gloria</strong></span> <span class='ocrx_word' id='word_1_31' title='bbox 758 1013 863 1074; x_wconf 88' lang='lat' dir='ltr'><strong>omnis</strong></span> <span class='ocrx_word' id='word_1_32' title='bbox 886 1014 1026 1076; x_wconf 89' lang='lat' dir='ltr'><strong>nominis</strong></span> <span class='ocrx_word' id='word_1_33' title='bbox 1048 1040 1215 1101; x_wconf 77' lang='grc' dir='ltr'><strong><em>μυστηριων</em></strong></span> 
     </span>
     <span class='ocr_line' id='line_1_6' title="bbox 104 1122 1214 1215; baseline 0.002 -25"><span class='ocrx_word' id='word_1_34' title='bbox 104 1151 118 1190; x_wconf 82' lang='grc'><strong>1</strong></span> <span class='ocrx_word' id='word_1_35' title='bbox 138 1129 287 1193; x_wconf 83' lang='lat' dir='ltr'><strong>omnium</strong></span> <span class='ocrx_word' id='word_1_36' title='bbox 311 1137 344 1188; x_wconf 82' lang='lat' dir='ltr'><strong>et</strong></span> <span class='ocrx_word' id='word_1_37' title='bbox 366 1123 521 1208; x_wconf 78' lang='grc' dir='ltr'>προβολων</span> <span class='ocrx_word' id='word_1_38' title='bbox 545 1126 708 1200; x_wconf 88' lang='lat' dir='ltr'><strong>omnium,</strong></span> <span class='ocrx_word' id='word_1_39' title='bbox 732 1145 815 1210; x_wconf 84' lang='lat' dir='ltr'><strong>quae</strong></span> <span class='ocrx_word' id='word_1_40' title='bbox 839 1138 916 1189; x_wconf 83' lang='lat' dir='ltr'><strong>sunt</strong></span> <span class='ocrx_word' id='word_1_41' title='bbox 937 1128 972 1189; x_wconf 90' lang='lat' dir='ltr'><strong>in</strong></span> <span class='ocrx_word' id='word_1_42' title='bbox 992 1122 1095 1215; x_wconf 68' lang='grc' dir='ltr'><strong><em>ταξεσι</em></strong></span> <span class='ocrx_word' id='word_1_43' title='bbox 1112 1152 1214 1213; x_wconf 67' lang='grc' dir='ltr'>χωρη-</span> 
     </span>
    </p>
   </div>
   <div class='ocr_carea' id='block_1_3' title="bbox 94 1237 1217 3836">
    <p class='ocr_par' dir='ltr' id='par_1_3' title="bbox 94 1237 1217 3836">
     <span class='ocr_line' id='line_1_7' title="bbox 136 1237 1215 1329; baseline 0 -23"><span class='ocrx_word' id='word_1_44' title='bbox 136 1268 242 1329; x_wconf 74' lang='grc' dir='ltr'>μοιτων</span> <span class='ocrx_word' id='word_1_45' title='bbox 266 1239 410 1304; x_wconf 84' lang='lat' dir='ltr'><strong>duorum</strong></span> <span class='ocrx_word' id='word_1_46' title='bbox 431 1238 529 1324; x_wconf 85' lang='lat' dir='ltr'><strong>primi</strong></span> <span class='ocrx_word' id='word_1_47' title='bbox 550 1262 723 1322; x_wconf 76' lang='grc' dir='ltr'><strong>μυστηριου.</strong></span> <span class='ocrx_word' id='word_1_48' title='bbox 750 1277 786 1286; x_wconf 93' lang='grc'>-</span> <span class='ocrx_word' id='word_1_49' title='bbox 818 1238 863 1302; x_wconf 89' lang='lat' dir='ltr'><strong>Et</strong></span> <span class='ocrx_word' id='word_1_50' title='bbox 884 1239 947 1302; x_wconf 86' lang='lat' dir='ltr'><strong>hoc</strong></span> <span class='ocrx_word' id='word_1_51' title='bbox 971 1237 1100 1324; x_wconf 66' lang='grc' dir='ltr'><strong>ενδνμω,</strong></span> <span class='ocrx_word' id='word_1_52' title='bbox 1124 1240 1215 1326; x_wconf 86' lang='lat' dir='ltr'><strong>quod</strong></span> 
     </span>
     <span class='ocr_line' id='line_1_8' title="bbox 137 1351 1214 1441; baseline 0 -21"><span class='ocrx_word' id='word_1_53' title='bbox 137 1359 286 1421; x_wconf 85' lang='lat' dir='ltr'>misimus</span> <span class='ocrx_word' id='word_1_54' title='bbox 309 1351 368 1415; x_wconf 86' lang='lat' dir='ltr'><strong>tibi</strong></span> <span class='ocrx_word' id='word_1_55' title='bbox 395 1373 497 1426; x_wconf 82' lang='lat' dir='ltr'><strong>nunc,</strong></span> <span class='ocrx_word' id='word_1_56' title='bbox 529 1365 579 1415; x_wconf 85' lang='lat' dir='ltr'><strong>est</strong></span> <span class='ocrx_word' id='word_1_57' title='bbox 604 1353 640 1415; x_wconf 94' lang='lat' dir='ltr'><strong>in</strong></span> <span class='ocrx_word' id='word_1_58' title='bbox 669 1373 707 1416; x_wconf 87' lang='lat' dir='ltr'><strong>eo</strong></span> <span class='ocrx_word' id='word_1_59' title='bbox 739 1351 842 1438; x_wconf 85' lang='lat' dir='ltr'>gloria</span> <span class='ocrx_word' id='word_1_60' title='bbox 873 1355 1013 1417; x_wconf 86' lang='lat' dir='ltr'><strong>nominis</strong></span> <span class='ocrx_word' id='word_1_61' title='bbox 1042 1373 1214 1441; x_wconf 70' lang='grc' dir='ltr'><strong><em>μυστηριου,</em></strong></span> 
     </span>
     <span class='ocr_line' id='line_1_9' title="bbox 138 1463 1214 1556; baseline 0.002 -24"><span class='ocrx_word' id='word_1_62' title='bbox 138 1494 301 1556; x_wconf 76' lang='grc' dir='ltr'><strong>μηνιυτου,</strong></span> <span class='ocrx_word' id='word_1_63' title='bbox 325 1464 414 1552; x_wconf 88' lang='lat' dir='ltr'>quod</span> <span class='ocrx_word' id='word_1_64' title='bbox 436 1463 524 1528; x_wconf 89' lang='lat' dir='ltr'>idem</span> <span class='ocrx_word' id='word_1_65' title='bbox 540 1477 589 1529; x_wconf 81' lang='lat' dir='ltr'><strong>est</strong></span> <span class='ocrx_word' id='word_1_66' title='bbox 607 1467 750 1554; x_wconf 89' lang='lat' dir='ltr'>primum</span> <span class='ocrx_word' id='word_1_67' title='bbox 765 1481 993 1554; x_wconf 84' lang='lat' dir='ltr'>praeceptum,</span> <span class='ocrx_word' id='word_1_68' title='bbox 1017 1481 1116 1555; x_wconf 82' lang='lat' dir='ltr'>atque</span> <span class='ocrx_word' id='word_1_69' title='bbox 1131 1495 1214 1553; x_wconf 77' lang='grc' dir='ltr'>μυσ·</span> 
     </span>
     <span class='ocr_line' id='line_1_10' title="bbox 139 1582 1214 1669; baseline -0.001 -20"><span class='ocrx_word' id='word_1_70' title='bbox 139 1609 232 1669; x_wconf 73' lang='grc' dir='ltr'><strong><em>τκρων</em></strong></span> <span class='ocrx_word' id='word_1_71' title='bbox 261 1584 403 1667; x_wconf 84' lang='lat' dir='ltr'><strong>quinque</strong></span> <span class='ocrx_word' id='word_1_72' title='bbox 431 1605 618 1664; x_wconf 67' lang='grc' dir='ltr'><em>χαραγμων,</em></span> <span class='ocrx_word' id='word_1_73' title='bbox 649 1592 683 1643; x_wconf 80' lang='lat' dir='ltr'><strong>et</strong></span> <span class='ocrx_word' id='word_1_74' title='bbox 709 1605 866 1663; x_wconf 72' lang='grc' dir='ltr'><em>μυστηριον</em></span> <span class='ocrx_word' id='word_1_75' title='bbox 893 1584 1003 1667; x_wconf 80' lang='lat' dir='ltr'><strong>magni</strong></span> <span class='ocrx_word' id='word_1_76' title='bbox 1033 1582 1214 1666; x_wconf 67' lang='grc' dir='ltr'>πρεσβευτιυ</span> 
     </span>
     <span class='ocr_line' id='line_1_11' title="bbox 94 1691 1212 1781; baseline -0.003 -19"><span class='ocrx_word' id='word_1_77' title='bbox 94 1721 123 1762; x_wconf 84' lang='grc'><strong>11</strong></span> <span class='ocrx_word' id='word_1_78' title='bbox 141 1698 253 1772; x_wconf 88' lang='lat' dir='ltr'>huius,</span> <span class='ocrx_word' id='word_1_79' title='bbox 277 1697 333 1781; x_wconf 86' lang='lat' dir='ltr'><strong>qui</strong></span> <span class='ocrx_word' id='word_1_80' title='bbox 356 1707 405 1758; x_wconf 86' lang='lat' dir='ltr'><strong>est</strong></span> <span class='ocrx_word' id='word_1_81' title='bbox 425 1693 615 1768; x_wconf 83' lang='lat' dir='ltr'><strong>ineffabilis,</strong></span> <span class='ocrx_word' id='word_1_82' title='bbox 640 1691 730 1778; x_wconf 91' lang='lat' dir='ltr'>quod</span> <span class='ocrx_word' id='word_1_83' title='bbox 752 1692 840 1757; x_wconf 91' lang='lat' dir='ltr'>idem</span> <span class='ocrx_word' id='word_1_84' title='bbox 856 1709 906 1758; x_wconf 82' lang='lat' dir='ltr'><strong>est</strong></span> <span class='ocrx_word' id='word_1_85' title='bbox 921 1717 1078 1780; x_wconf 85' lang='lat' dir='ltr'><strong>magnum</strong></span> <span class='ocrx_word' id='word_1_86' title='bbox 1092 1695 1212 1771; x_wconf 83' lang='lat' dir='ltr'><strong>lumen,</strong></span> 
     </span>
     <span class='ocr_line' id='line_1_12' title="bbox 140 1809 1215 1897; baseline -0.001 -22"><span class='ocrx_word' id='word_1_87' title='bbox 140 1824 239 1897; x_wconf 82' lang='lat' dir='ltr'><strong>atque</strong></span> <span class='ocrx_word' id='word_1_88' title='bbox 270 1811 369 1872; x_wconf 78' lang='lat' dir='ltr'><strong>etiam</strong></span> <span class='ocrx_word' id='word_1_89' title='bbox 397 1835 555 1894; x_wconf 73' lang='grc' dir='ltr'><strong><em>μυστηριον</em></strong></span> <span class='ocrx_word' id='word_1_90' title='bbox 588 1809 732 1892; x_wconf 82' lang='lat' dir='ltr'><strong>quinque</strong></span> <span class='ocrx_word' id='word_1_91' title='bbox 762 1833 993 1894; x_wconf 69' lang='grc' dir='ltr'>προηγῡυμενων,</span> <span class='ocrx_word' id='word_1_92' title='bbox 1031 1812 1086 1895; x_wconf 87' lang='lat' dir='ltr'><strong>qui</strong></span> <span class='ocrx_word' id='word_1_93' title='bbox 1115 1809 1215 1874; x_wconf 86' lang='lat' dir='ltr'><strong>iidem</strong></span> 
     </span>
     <span class='ocr_line' id='line_1_13' title="bbox 140 1920 1215 2009; baseline 0.001 -20"><span class='ocrx_word' id='word_1_94' title='bbox 140 1937 217 1989; x_wconf 87' lang='lat' dir='ltr'><strong>sunt</strong></span> <span class='ocrx_word' id='word_1_95' title='bbox 245 1925 391 2009; x_wconf 84' lang='lat' dir='ltr'><strong>quinque</strong></span> <span class='ocrx_word' id='word_1_96' title='bbox 420 1947 631 2006; x_wconf 71' lang='grc' dir='ltr'><strong>ταρασταται,</strong></span> <span class='ocrx_word' id='word_1_97' title='bbox 667 1934 767 2006; x_wconf 83' lang='lat' dir='ltr'><strong>atque</strong></span> <span class='ocrx_word' id='word_1_98' title='bbox 804 1924 902 1985; x_wconf 82' lang='lat' dir='ltr'><strong>etiam</strong></span> <span class='ocrx_word' id='word_1_99' title='bbox 932 1935 982 1985; x_wconf 83' lang='lat' dir='ltr'><strong>est</strong></span> <span class='ocrx_word' id='word_1_100' title='bbox 1009 1924 1044 1985; x_wconf 90' lang='lat' dir='ltr'><strong>in</strong></span> <span class='ocrx_word' id='word_1_101' title='bbox 1073 1920 1215 2006; x_wconf 69' lang='grc' dir='ltr'><strong>ενδυματι</strong></span> 
     </span>
     <span class='ocr_line' id='line_1_14' title="bbox 139 2033 1215 2124; baseline -0.001 -22"><span class='ocrx_word' id='word_1_102' title='bbox 139 2039 196 2102; x_wconf 84' lang='lat' dir='ltr'><strong>illo</strong></span> <span class='ocrx_word' id='word_1_103' title='bbox 220 2037 322 2124; x_wconf 82' lang='lat' dir='ltr'><strong>gloria</strong></span> <span class='ocrx_word' id='word_1_104' title='bbox 344 2039 483 2100; x_wconf 86' lang='lat' dir='ltr'><strong>nominis</strong></span> <span class='ocrx_word' id='word_1_105' title='bbox 506 2061 668 2120; x_wconf 76' lang='grc' dir='ltr'>μυστηριου</span> <span class='ocrx_word' id='word_1_106' title='bbox 686 2033 798 2122; x_wconf 55' lang='lat' dir='ltr'><strong>‘raficum</strong></span> <span class='ocrx_word' id='word_1_107' title='bbox 824 2039 971 2100; x_wconf 87' lang='lat' dir='ltr'><strong>omnium</strong></span> <span class='ocrx_word' id='word_1_108' title='bbox 992 2037 1147 2119; x_wconf 77' lang='grc' dir='ltr'><strong>τροβολων</strong></span> <span class='ocrx_word' id='word_1_109' title='bbox 1167 2036 1215 2111; x_wconf 80' lang='grc' dir='ltr'><strong>θη-</strong></span> 
     </span>
     <span class='ocr_line' id='line_1_15' title="bbox 142 2149 1215 2236; baseline -0.002 -19"><span class='ocrx_word' id='word_1_110' title='bbox 142 2177 255 2236; x_wconf 67' lang='grc' dir='ltr'><strong>σαυρου</strong></span> <span class='ocrx_word' id='word_1_111' title='bbox 284 2149 378 2226; x_wconf 86' lang='lat' dir='ltr'><strong>lueis,</strong></span> <span class='ocrx_word' id='word_1_112' title='bbox 417 2163 515 2236; x_wconf 80' lang='lat' dir='ltr'><strong>atque</strong></span> <span class='ocrx_word' id='word_1_113' title='bbox 546 2153 645 2214; x_wconf 81' lang='lat' dir='ltr'><strong>etiam</strong></span> <span class='ocrx_word' id='word_1_114' title='bbox 675 2171 791 2213; x_wconf 87' lang='lat' dir='ltr'>eorum</span> <span class='ocrx_word' id='word_1_115' title='bbox 819 2175 955 2235; x_wconf 77' lang='grc' dir='ltr'><em>σωτηρες,</em></span> <span class='ocrx_word' id='word_1_116' title='bbox 986 2163 1084 2236; x_wconf 80' lang='lat' dir='ltr'>atque</span> <span class='ocrx_word' id='word_1_117' title='bbox 1116 2153 1215 2216; x_wconf 84' lang='lat' dir='ltr'>etiam</span> 
     </span>
     <span class='ocr_line' id='line_1_16' title="bbox 97 2260 1214 2352; baseline -0.002 -21"><span class='ocrx_word' id='word_1_118' title='bbox 97 2291 123 2331; x_wconf 77' lang='grc'><strong>11</strong></span> <span class='ocrx_word' id='word_1_119' title='bbox 141 2262 241 2352; x_wconf 57' lang='lat' dir='ltr'><strong>minc</strong></span> <span class='ocrx_word' id='word_1_120' title='bbox 257 2260 376 2352; x_wconf 69' lang='grc' dir='ltr'>τωξεων,</span> <span class='ocrx_word' id='word_1_121' title='bbox 400 2286 484 2349; x_wconf 81' lang='lat' dir='ltr'>quae</span> <span class='ocrx_word' id='word_1_122' title='bbox 508 2277 586 2328; x_wconf 85' lang='lat' dir='ltr'><strong>sunt</strong></span> <span class='ocrx_word' id='word_1_123' title='bbox 608 2277 734 2351; x_wconf 83' lang='lat' dir='ltr'>septem</span> <span class='ocrx_word' id='word_1_124' title='bbox 757 2291 847 2346; x_wconf 71' lang='grc' dir='ltr'><strong>αιμηιν,</strong></span> <span class='ocrx_word' id='word_1_125' title='bbox 877 2277 910 2328; x_wconf 85' lang='lat' dir='ltr'><strong>et</strong></span> <span class='ocrx_word' id='word_1_126' title='bbox 934 2286 1017 2349; x_wconf 82' lang='lat' dir='ltr'>quae</span> <span class='ocrx_word' id='word_1_127' title='bbox 1041 2277 1118 2328; x_wconf 83' lang='lat' dir='ltr'><strong>sunt</strong></span> <span class='ocrx_word' id='word_1_128' title='bbox 1142 2287 1214 2352; x_wconf 87' lang='lat' dir='ltr'><strong>sep·</strong></span> 
     </span>
     <span class='ocr_line' id='line_1_17' title="bbox 140 2376 1216 2467; baseline 0 -24"><span class='ocrx_word' id='word_1_129' title='bbox 140 2391 209 2444; x_wconf 86' lang='lat' dir='ltr'><strong>tem</strong></span> <span class='ocrx_word' id='word_1_130' title='bbox 240 2386 352 2467; x_wconf 72' lang='grc' dir='ltr'><strong><em>φωναι,</em></strong></span> <span class='ocrx_word' id='word_1_131' title='bbox 383 2391 482 2463; x_wconf 80' lang='lat' dir='ltr'><strong>atque</strong></span> <span class='ocrx_word' id='word_1_132' title='bbox 506 2380 606 2442; x_wconf 84' lang='lat' dir='ltr'>etiam</span> <span class='ocrx_word' id='word_1_133' title='bbox 636 2380 779 2464; x_wconf 88' lang='lat' dir='ltr'><strong>quinque</strong></span> <span class='ocrx_word' id='word_1_134' title='bbox 811 2376 960 2456; x_wconf 83' lang='lat' dir='ltr'>arbores,</span> <span class='ocrx_word' id='word_1_135' title='bbox 992 2392 1091 2464; x_wconf 84' lang='lat' dir='ltr'>atque</span> <span class='ocrx_word' id='word_1_136' title='bbox 1116 2381 1216 2443; x_wconf 82' lang='lat' dir='ltr'><strong>etiam</strong></span> 
     </span>
     <span class='ocr_line' id='line_1_18' title="bbox 139 2494 1215 2582; baseline -0.002 -24"><span class='ocrx_word' id='word_1_137' title='bbox 139 2496 322 2579; x_wconf 56' lang='grc'><strong>1111111111,</strong></span> <span class='ocrx_word' id='word_1_138' title='bbox 346 2505 445 2578; x_wconf 80' lang='lat' dir='ltr'>atque</span> <span class='ocrx_word' id='word_1_139' title='bbox 470 2494 568 2556; x_wconf 80' lang='lat' dir='ltr'><strong>etiam</strong></span> <span class='ocrx_word' id='word_1_140' title='bbox 591 2517 683 2576; x_wconf 76' lang='grc' dir='ltr'><strong><em>σωτηρ</em></strong></span> <span class='ocrx_word' id='word_1_141' title='bbox 707 2495 925 2577; x_wconf 84' lang='lat' dir='ltr'><strong>geminorum,</strong></span> <span class='ocrx_word' id='word_1_142' title='bbox 954 2495 1010 2580; x_wconf 90' lang='lat' dir='ltr'><strong>qui</strong></span> <span class='ocrx_word' id='word_1_143' title='bbox 1033 2507 1111 2556; x_wconf 84' lang='lat' dir='ltr'><strong>sunt</strong></span> <span class='ocrx_word' id='word_1_144' title='bbox 1131 2514 1215 2582; x_wconf 86' lang='lat' dir='ltr'>puer</span> 
     </span>
     <span class='ocr_line' id='line_1_19' title="bbox 139 2609 1215 2696; baseline -0.001 -23"><span class='ocrx_word' id='word_1_145' title='bbox 139 2611 246 2696; x_wconf 78' lang='lat' dir='ltr'><strong>pueri,</strong></span> <span class='ocrx_word' id='word_1_146' title='bbox 276 2621 376 2694; x_wconf 79' lang='lat' dir='ltr'><strong>atque</strong></span> <span class='ocrx_word' id='word_1_147' title='bbox 400 2609 499 2670; x_wconf 80' lang='lat' dir='ltr'><strong>etiam</strong></span> <span class='ocrx_word' id='word_1_148' title='bbox 521 2633 678 2691; x_wconf 78' lang='grc' dir='ltr'>μυστηριον</span> <span class='ocrx_word' id='word_1_149' title='bbox 706 2629 826 2671; x_wconf 88' lang='lat' dir='ltr'><strong>novem</strong></span> <span class='ocrx_word' id='word_1_150' title='bbox 856 2617 1005 2694; x_wconf 74' lang='grc' dir='ltr'><strong>φυλακων</strong></span> <span class='ocrx_word' id='word_1_151' title='bbox 1033 2609 1135 2671; x_wconf 85' lang='lat' dir='ltr'><strong>trium</strong></span> <span class='ocrx_word' id='word_1_152' title='bbox 1158 2634 1215 2672; x_wconf 78' lang='grc' dir='ltr'><strong>πυ-</strong></span> 
     </span>
     <span class='ocr_line' id='line_1_20' title="bbox 139 2721 1215 2807; baseline -0.003 -19"><span class='ocrx_word' id='word_1_153' title='bbox 139 2736 200 2789; x_wconf 83' lang='grc' dir='ltr'><strong>λων</strong></span> <span class='ocrx_word' id='word_1_154' title='bbox 219 2721 364 2807; x_wconf 65' lang='grc' dir='ltr'><strong>θησαυρου</strong></span> <span class='ocrx_word' id='word_1_155' title='bbox 387 2721 533 2797; x_wconf 88' lang='lat' dir='ltr'><strong>luminis,</strong></span> <span class='ocrx_word' id='word_1_156' title='bbox 557 2733 655 2806; x_wconf 80' lang='lat' dir='ltr'><strong>atque</strong></span> <span class='ocrx_word' id='word_1_157' title='bbox 680 2723 778 2785; x_wconf 78' lang='lat' dir='ltr'><strong>etiam</strong></span> <span class='ocrx_word' id='word_1_158' title='bbox 802 2733 851 2784; x_wconf 88' lang='lat' dir='ltr'><strong>est</strong></span> <span class='ocrx_word' id='word_1_159' title='bbox 872 2723 907 2784; x_wconf 89' lang='lat' dir='ltr'><strong>in</strong></span> <span class='ocrx_word' id='word_1_160' title='bbox 927 2743 966 2785; x_wconf 87' lang='lat' dir='ltr'><strong>eo</strong></span> <span class='ocrx_word' id='word_1_161' title='bbox 991 2721 1094 2807; x_wconf 85' lang='lat' dir='ltr'>gloria</span> <span class='ocrx_word' id='word_1_162' title='bbox 1110 2723 1215 2785; x_wconf 90' lang='lat' dir='ltr'><strong>omnis</strong></span> 
     </span>
     <span class='ocr_line' id='line_1_21' title="bbox 99 2833 1214 2922; baseline -0.004 -19"><span class='ocrx_word' id='word_1_163' title='bbox 99 2862 126 2903; x_wconf 78' lang='grc'><strong>1)</strong></span> <span class='ocrx_word' id='word_1_164' title='bbox 142 2839 299 2913; x_wconf 85' lang='lat' dir='ltr'><strong>nominis,</strong></span> <span class='ocrx_word' id='word_1_165' title='bbox 323 2833 415 2922; x_wconf 89' lang='lat' dir='ltr'><strong>quod</strong></span> <span class='ocrx_word' id='word_1_166' title='bbox 437 2847 488 2899; x_wconf 80' lang='lat' dir='ltr'><strong>est</strong></span> <span class='ocrx_word' id='word_1_167' title='bbox 509 2837 543 2897; x_wconf 86' lang='lat' dir='ltr'><strong>in</strong></span> <span class='ocrx_word' id='word_1_168' title='bbox 567 2834 697 2910; x_wconf 82' lang='lat' dir='ltr'><strong>dextro,</strong></span> <span class='ocrx_word' id='word_1_169' title='bbox 722 2847 755 2898; x_wconf 82' lang='lat' dir='ltr'><strong>et</strong></span> <span class='ocrx_word' id='word_1_170' title='bbox 778 2855 908 2909; x_wconf 85' lang='lat' dir='ltr'>eorum,</span> <span class='ocrx_word' id='word_1_171' title='bbox 932 2838 988 2919; x_wconf 89' lang='lat' dir='ltr'><strong>qui</strong></span> <span class='ocrx_word' id='word_1_172' title='bbox 1010 2848 1086 2898; x_wconf 83' lang='lat' dir='ltr'><strong>sunt</strong></span> <span class='ocrx_word' id='word_1_173' title='bbox 1102 2855 1214 2898; x_wconf 89' lang='lat' dir='ltr'><strong>omnes</strong></span> 
     </span>
     <span class='ocr_line' id='line_1_22' title="bbox 140 2947 1214 3037; baseline -0.003 -23"><span class='ocrx_word' id='word_1_174' title='bbox 140 2955 175 3014; x_wconf 91' lang='lat' dir='ltr'><strong>in</strong></span> <span class='ocrx_word' id='word_1_175' title='bbox 204 2977 300 3037; x_wconf 79' lang='grc' dir='ltr'><em>μεσῳ,</em></span> <span class='ocrx_word' id='word_1_176' title='bbox 334 2963 433 3034; x_wconf 81' lang='lat' dir='ltr'><strong>atque</strong></span> <span class='ocrx_word' id='word_1_177' title='bbox 464 2951 563 3012; x_wconf 82' lang='lat' dir='ltr'>etiam</span> <span class='ocrx_word' id='word_1_178' title='bbox 594 2962 644 3013; x_wconf 84' lang='lat' dir='ltr'><strong>est</strong></span> <span class='ocrx_word' id='word_1_179' title='bbox 670 2951 705 3011; x_wconf 89' lang='lat' dir='ltr'><strong>in</strong></span> <span class='ocrx_word' id='word_1_180' title='bbox 735 2969 774 3011; x_wconf 88' lang='lat' dir='ltr'><strong>eo</strong></span> <span class='ocrx_word' id='word_1_181' title='bbox 806 2947 910 3032; x_wconf 85' lang='lat' dir='ltr'>gloria</span> <span class='ocrx_word' id='word_1_182' title='bbox 940 2950 1045 3011; x_wconf 89' lang='lat' dir='ltr'><strong>omnis</strong></span> <span class='ocrx_word' id='word_1_183' title='bbox 1075 2950 1214 3011; x_wconf 83' lang='lat' dir='ltr'><strong>nominis</strong></span> 
     </span>
     <span class='ocr_line' id='line_1_23' title="bbox 142 3062 1215 3150; baseline -0.004 -22"><span class='ocrx_word' id='word_1_184' title='bbox 142 3067 252 3150; x_wconf 82' lang='lat' dir='ltr'><strong>magni</strong></span> <span class='ocrx_word' id='word_1_185' title='bbox 283 3088 426 3147; x_wconf 68' lang='grc' dir='ltr'><strong>ιοριιτου,</strong></span> <span class='ocrx_word' id='word_1_186' title='bbox 461 3065 518 3149; x_wconf 88' lang='lat' dir='ltr'><strong>qui</strong></span> <span class='ocrx_word' id='word_1_187' title='bbox 549 3076 599 3127; x_wconf 81' lang='lat' dir='ltr'><strong>est</strong></span> <span class='ocrx_word' id='word_1_188' title='bbox 627 3083 764 3148; x_wconf 86' lang='lat' dir='ltr'><strong>magnus</strong></span> <span class='ocrx_word' id='word_1_189' title='bbox 794 3087 965 3147; x_wconf 74' lang='grc' dir='ltr'><em>προπατωρ,</em></span> <span class='ocrx_word' id='word_1_190' title='bbox 994 3074 1093 3146; x_wconf 79' lang='lat' dir='ltr'><strong>atque</strong></span> <span class='ocrx_word' id='word_1_191' title='bbox 1116 3062 1215 3124; x_wconf 83' lang='lat' dir='ltr'>etiam</span> 
     </span>
     <span class='ocr_line' id='line_1_24' title="bbox 140 3177 1216 3266; baseline -0.006 -22"><span class='ocrx_word' id='word_1_192' title='bbox 140 3205 298 3266; x_wconf 78' lang='grc' dir='ltr'><strong><em>μυστηρων</em></strong></span> <span class='ocrx_word' id='word_1_193' title='bbox 321 3179 422 3240; x_wconf 83' lang='lat' dir='ltr'><strong>trium</strong></span> <span class='ocrx_word' id='word_1_194' title='bbox 442 3177 652 3264; x_wconf 72' lang='grc' dir='ltr'><strong>τριὸυναιμεων,</strong></span> <span class='ocrx_word' id='word_1_195' title='bbox 676 3189 775 3261; x_wconf 81' lang='lat' dir='ltr'><strong>atque</strong></span> <span class='ocrx_word' id='word_1_196' title='bbox 798 3177 898 3239; x_wconf 81' lang='lat' dir='ltr'><strong>etiam</strong></span> <span class='ocrx_word' id='word_1_197' title='bbox 919 3199 1076 3261; x_wconf 71' lang='grc' dir='ltr'><strong>μυπηριον</strong></span> <span class='ocrx_word' id='word_1_198' title='bbox 1100 3195 1216 3239; x_wconf 79' lang='lat' dir='ltr'><strong>eorum</strong></span> 
     </span>
     <span class='ocr_line' id='line_1_25' title="bbox 140 3294 1215 3378; baseline -0.007 -20"><span class='ocrx_word' id='word_1_199' title='bbox 140 3319 231 3359; x_wconf 78' lang='grc' dir='ltr'><strong>τοπου</strong></span> <span class='ocrx_word' id='word_1_200' title='bbox 260 3294 376 3368; x_wconf 71' lang='grc'><strong>1011111,</strong></span> <span class='ocrx_word' id='word_1_201' title='bbox 411 3305 509 3378; x_wconf 81' lang='lat' dir='ltr'><strong>atque</strong></span> <span class='ocrx_word' id='word_1_202' title='bbox 538 3295 637 3356; x_wconf 81' lang='lat' dir='ltr'>etiam</span> <span class='ocrx_word' id='word_1_203' title='bbox 661 3316 818 3375; x_wconf 78' lang='grc' dir='ltr'>μυστηριον</span> <span class='ocrx_word' id='word_1_204' title='bbox 846 3311 960 3354; x_wconf 83' lang='lat' dir='ltr'>eorum</span> <span class='ocrx_word' id='word_1_205' title='bbox 987 3315 1118 3373; x_wconf 69' lang='grc' dir='ltr'><strong><em>ωορωτων</em></strong></span> <span class='ocrx_word' id='word_1_206' title='bbox 1145 3310 1215 3352; x_wconf 89' lang='lat' dir='ltr'><strong>om·</strong></span> 
     </span>
     <span class='ocr_line' id='line_1_26' title="bbox 99 3402 1216 3480; baseline -0.006 -8"><span class='ocrx_word' id='word_1_207' title='bbox 99 3432 126 3472; x_wconf 77' lang='grc'><strong>11</strong></span> <span class='ocrx_word' id='word_1_208' title='bbox 143 3410 237 3471; x_wconf 88' lang='lat' dir='ltr'><strong>nium</strong></span> <span class='ocrx_word' id='word_1_209' title='bbox 266 3421 300 3472; x_wconf 85' lang='lat' dir='ltr'><strong>et</strong></span> <span class='ocrx_word' id='word_1_210' title='bbox 326 3408 529 3472; x_wconf 83' lang='lat' dir='ltr'><strong>versantium</strong></span> <span class='ocrx_word' id='word_1_211' title='bbox 564 3407 711 3470; x_wconf 86' lang='lat' dir='ltr'><strong>omnium</strong></span> <span class='ocrx_word' id='word_1_212' title='bbox 743 3406 778 3468; x_wconf 88' lang='lat' dir='ltr'><strong>in</strong></span> <span class='ocrx_word' id='word_1_213' title='bbox 814 3402 939 3468; x_wconf 89' lang='lat' dir='ltr'>decimo</span> <span class='ocrx_word' id='word_1_214' title='bbox 970 3407 1067 3468; x_wconf 80' lang='lat' dir='ltr'><strong>tertio</strong></span> <span class='ocrx_word' id='word_1_215' title='bbox 1099 3429 1216 3480; x_wconf 72' lang='grc' dir='ltr'><em>αιωνων,</em></span> 
     </span>
     <span class='ocr_line' id='line_1_27' title="bbox 143 3517 1217 3608; baseline -0.004 -22"><span class='ocrx_word' id='word_1_216' title='bbox 143 3533 242 3608; x_wconf 79' lang='lat' dir='ltr'><strong>atque</strong></span> <span class='ocrx_word' id='word_1_217' title='bbox 266 3523 363 3585; x_wconf 79' lang='lat' dir='ltr'>etiam</span> <span class='ocrx_word' id='word_1_218' title='bbox 385 3542 508 3584; x_wconf 88' lang='lat' dir='ltr'><strong>nomen</strong></span> <span class='ocrx_word' id='word_1_219' title='bbox 531 3517 705 3583; x_wconf 84' lang='lat' dir='ltr'>duodecim</span> <span class='ocrx_word' id='word_1_220' title='bbox 727 3545 844 3596; x_wconf 74' lang='lat' dir='ltr'><strong>atwvwv,</strong></span> <span class='ocrx_word' id='word_1_221' title='bbox 868 3532 966 3604; x_wconf 79' lang='lat' dir='ltr'><strong>atque</strong></span> <span class='ocrx_word' id='word_1_222' title='bbox 986 3521 1084 3583; x_wconf 84' lang='lat' dir='ltr'><strong>etiam</strong></span> <span class='ocrx_word' id='word_1_223' title='bbox 1101 3540 1217 3584; x_wconf 86' lang='lat' dir='ltr'>eorum</span> 
     </span>
     <span class='ocr_line' id='line_1_28' title="bbox 141 3635 1216 3722; baseline -0.007 -19"><span class='ocrx_word' id='word_1_224' title='bbox 141 3661 291 3722; x_wconf 73' lang='grc' dir='ltr'><strong><em>αρχοντων</em></strong></span> <span class='ocrx_word' id='word_1_225' title='bbox 309 3637 466 3710; x_wconf 88' lang='lat' dir='ltr'><strong>omnium,</strong></span> <span class='ocrx_word' id='word_1_226' title='bbox 483 3647 582 3719; x_wconf 81' lang='lat' dir='ltr'><strong>atque</strong></span> <span class='ocrx_word' id='word_1_227' title='bbox 598 3635 697 3697; x_wconf 77' lang='lat' dir='ltr'><strong>etiam</strong></span> <span class='ocrx_word' id='word_1_228' title='bbox 712 3655 828 3698; x_wconf 87' lang='lat' dir='ltr'>eorum</span> <span class='ocrx_word' id='word_1_229' title='bbox 840 3647 1047 3720; x_wconf 70' lang='grc' dir='ltr'>ωρχαγγελων</span> <span class='ocrx_word' id='word_1_230' title='bbox 1060 3635 1216 3709; x_wconf 86' lang='lat' dir='ltr'><strong>omnium,</strong></span> 
     </span>
     <span class='ocr_line' id='line_1_29' title="bbox 140 3750 1217 3836; baseline -0.003 -22"><span class='ocrx_word' id='word_1_231' title='bbox 140 3763 240 3836; x_wconf 79' lang='lat' dir='ltr'><strong>atque</strong></span> <span class='ocrx_word' id='word_1_232' title='bbox 263 3751 364 3813; x_wconf 77' lang='lat' dir='ltr'>etiam</span> <span class='ocrx_word' id='word_1_233' title='bbox 387 3771 502 3813; x_wconf 88' lang='lat' dir='ltr'>eorum</span> <span class='ocrx_word' id='word_1_234' title='bbox 530 3759 672 3833; x_wconf 69' lang='grc' dir='ltr'><strong>αγγελων</strong></span> <span class='ocrx_word' id='word_1_235' title='bbox 701 3750 864 3824; x_wconf 89' lang='lat' dir='ltr'><strong>omnium,</strong></span> <span class='ocrx_word' id='word_1_236' title='bbox 895 3761 993 3833; x_wconf 80' lang='lat' dir='ltr'><strong>atque</strong></span> <span class='ocrx_word' id='word_1_237' title='bbox 1022 3751 1121 3812; x_wconf 83' lang='lat' dir='ltr'><strong>etiam</strong></span> <span class='ocrx_word' id='word_1_238' title='bbox 1142 3769 1217 3812; x_wconf 80' lang='lat' dir='ltr'><strong>ver·</strong></span> 
     </span>
    </p>
   </div>
   <div class='ocr_carea' id='block_1_4' title="bbox 139 3926 1218 4516">
    <p class='ocr_par' dir='ltr' id='par_1_4' title="bbox 139 3926 1218 4516">
     <span class='ocr_line' id='line_1_30' title="bbox 225 3926 1214 4016; baseline -0.004 -27"><span class='ocrx_word' id='word_1_239' title='bbox 225 3931 256 3989; x_wconf 80' lang='lat'><strong>2.</strong></span> <span class='ocrx_word' id='word_1_240' title='bbox 278 3955 413 4014; x_wconf 69' lang='grc' dir='ltr'><strong>μυςηριων</strong></span> <span class='ocrx_word' id='word_1_241' title='bbox 434 3934 512 4012; x_wconf 78' lang='lat' dir='ltr'><strong>(add.</strong></span> <span class='ocrx_word' id='word_1_242' title='bbox 529 3933 662 3993; x_wconf 77' lang='lat' dir='ltr'><strong>omnium</strong></span> <span class='ocrx_word' id='word_1_243' title='bbox 684 3933 733 4009; x_wconf 85' lang='lat' dir='ltr'><strong>P.)</strong></span> <span class='ocrx_word' id='word_1_244' title='bbox 796 3933 826 3992; x_wconf 74' lang='lat'><strong>2.</strong></span> <span class='ocrx_word' id='word_1_245' title='bbox 848 3926 990 4016; x_wconf 68' lang='grc' dir='ltr'><strong>προβολαι</strong></span> <span class='ocrx_word' id='word_1_246' title='bbox 1014 3950 1116 3991; x_wconf 83' lang='lat' dir='ltr'><strong>omnes</strong></span> <span class='ocrx_word' id='word_1_247' title='bbox 1138 3927 1214 4004; x_wconf 76' lang='lat' dir='ltr'>(velt</span> 
     </span>
     <span class='ocr_line' id='line_1_31' title="bbox 140 4023 1215 4114; baseline -0.004 -25"><span class='ocrx_word' id='word_1_248' title='bbox 140 4023 293 4114; x_wconf 69' lang='grc' dir='ltr'><strong>προβολων</strong></span> <span class='ocrx_word' id='word_1_249' title='bbox 315 4031 446 4092; x_wconf 84' lang='lat' dir='ltr'><strong>omnium</strong></span> <span class='ocrx_word' id='word_1_250' title='bbox 468 4033 517 4108; x_wconf 84' lang='grc' dir='ltr'><strong>Ρ.)</strong></span> <span class='ocrx_word' id='word_1_251' title='bbox 586 4030 615 4092; x_wconf 88' lang='lat'><strong>4.</strong></span> <span class='ocrx_word' id='word_1_252' title='bbox 645 4033 724 4113; x_wconf 88' lang='lat' dir='ltr'><strong>quod</strong></span> <span class='ocrx_word' id='word_1_253' title='bbox 746 4031 918 4110; x_wconf 86' lang='lat' dir='ltr'><strong>(delendum</strong></span> <span class='ocrx_word' id='word_1_254' title='bbox 940 4029 1059 4089; x_wconf 74' lang='lat' dir='ltr'>videtur</span> <span class='ocrx_word' id='word_1_255' title='bbox 1082 4026 1215 4107; x_wconf 86' lang='lat' dir='ltr'><strong>„quod”</strong></span> 
     </span>
     <span class='ocr_line' id='line_1_32' title="bbox 140 4123 1216 4215; baseline -0.005 -23"><span class='ocrx_word' id='word_1_256' title='bbox 140 4130 191 4206; x_wconf 80' lang='lat' dir='ltr'><strong>P.)</strong></span> <span class='ocrx_word' id='word_1_257' title='bbox 241 4126 291 4189; x_wconf 90' lang='grc'><strong>14.</strong></span> <span class='ocrx_word' id='word_1_258' title='bbox 315 4149 419 4190; x_wconf 85' lang='lat' dir='ltr'><strong>eorum</strong></span> <span class='ocrx_word' id='word_1_259' title='bbox 440 4135 554 4210; x_wconf 80' lang='lat' dir='ltr'>(earum</span> <span class='ocrx_word' id='word_1_260' title='bbox 574 4133 624 4211; x_wconf 87' lang='lat' dir='ltr'><strong>P.)</strong></span> <span class='ocrx_word' id='word_1_261' title='bbox 672 4130 721 4192; x_wconf 82' lang='grc'><strong>11.</strong></span> <span class='ocrx_word' id='word_1_262' title='bbox 747 4153 869 4215; x_wconf 56' lang='lat' dir='ltr'><em>emese</em></span> <span class='ocrx_word' id='word_1_263' title='bbox 889 4128 1051 4211; x_wconf 68' lang='grc' dir='ltr'><strong>(σωτηρωνῖ</strong></span> <span class='ocrx_word' id='word_1_264' title='bbox 1073 4127 1122 4203; x_wconf 87' lang='grc' dir='ltr'><strong>Ρ.)</strong></span> <span class='ocrx_word' id='word_1_265' title='bbox 1164 4123 1216 4187; x_wconf 84' lang='grc'><strong>15.</strong></span> 
     </span>
     <span class='ocr_line' id='line_1_33' title="bbox 139 4225 1218 4315; baseline -0.002 -25"><span class='ocrx_word' id='word_1_266' title='bbox 139 4229 240 4314; x_wconf 59' lang='lat' dir='ltr'><strong>vagno</strong></span> <span class='ocrx_word' id='word_1_267' title='bbox 253 4226 365 4314; x_wconf 80' lang='grc' dir='ltr'><strong><em>ταξεων</em></strong></span> <span class='ocrx_word' id='word_1_268' title='bbox 379 4227 504 4315; x_wconf 82' lang='grc' dir='ltr'>(ταξεων</span> <span class='ocrx_word' id='word_1_269' title='bbox 518 4256 573 4291; x_wconf 85' lang='grc' dir='ltr'><strong>των</strong></span> <span class='ocrx_word' id='word_1_270' title='bbox 587 4229 716 4314; x_wconf 73' lang='grc' dir='ltr'><strong><em>ταξεωνῖ</em></strong></span> <span class='ocrx_word' id='word_1_271' title='bbox 737 4231 787 4305; x_wconf 93' lang='grc' dir='ltr'><strong>Ρ.)</strong></span> <span class='ocrx_word' id='word_1_272' title='bbox 830 4228 879 4288; x_wconf 88' lang='grc'><strong>16.</strong></span> <span class='ocrx_word' id='word_1_273' title='bbox 900 4227 1020 4289; x_wconf 79' lang='lat' dir='ltr'>arbores</span> <span class='ocrx_word' id='word_1_274' title='bbox 1042 4225 1218 4306; x_wconf 79' lang='lat' dir='ltr'>(arborum?</span> 
     </span>
     <span class='ocr_line' id='line_1_34' title="bbox 139 4327 1218 4413; baseline -0.003 -22"><span class='ocrx_word' id='word_1_275' title='bbox 139 4331 190 4408; x_wconf 88' lang='lat' dir='ltr'><strong>P.)</strong></span> <span class='ocrx_word' id='word_1_276' title='bbox 239 4327 289 4391; x_wconf 88' lang='lat'><strong>17.</strong></span> <span class='ocrx_word' id='word_1_277' title='bbox 317 4331 374 4392; x_wconf 75' lang='lat' dir='ltr'><strong>tria</strong></span> <span class='ocrx_word' id='word_1_278' title='bbox 395 4332 521 4409; x_wconf 73' lang='lat' dir='ltr'>(trium&#39;t&#39;</span> <span class='ocrx_word' id='word_1_279' title='bbox 543 4333 594 4410; x_wconf 90' lang='grc' dir='ltr'><strong>Ρ.)</strong></span> <span class='ocrx_word' id='word_1_280' title='bbox 643 4328 693 4390; x_wconf 87' lang='grc'><strong>17.</strong></span> <span class='ocrx_word' id='word_1_281' title='bbox 722 4353 813 4412; x_wconf 58' lang='lat' dir='ltr'><strong>emme</strong></span> <span class='ocrx_word' id='word_1_282' title='bbox 838 4328 996 4413; x_wconf 69' lang='grc' dir='ltr'><strong>(σωτηροςῖ</strong></span> <span class='ocrx_word' id='word_1_283' title='bbox 1016 4328 1064 4407; x_wconf 88' lang='grc' dir='ltr'><strong>Ρ.)</strong></span> <span class='ocrx_word' id='word_1_284' title='bbox 1106 4327 1157 4388; x_wconf 79' lang='lat'><strong>25.</strong></span> <span class='ocrx_word' id='word_1_285' title='bbox 1185 4328 1218 4388; x_wconf 79' lang='lat' dir='ltr'><strong>in</strong></span> 
     </span>
     <span class='ocr_line' id='line_1_35' title="bbox 140 4427 1216 4516; baseline -0.003 -26"><span class='ocrx_word' id='word_1_286' title='bbox 140 4431 206 4494; x_wconf 81' lang='lat' dir='ltr'><strong>MS.</strong></span> <span class='ocrx_word' id='word_1_287' title='bbox 221 4430 336 4515; x_wconf 77' lang='lat' dir='ltr'>legitur</span> <span class='ocrx_word' id='word_1_288' title='bbox 349 4431 397 4513; x_wconf 52' lang='grc' dir='ltr'><strong>εἰ</strong></span> <span class='ocrx_word' id='word_1_289' title='bbox 407 4434 562 4516; x_wconf 65' lang='lat' dir='ltr'><strong>magnii</strong></span> <span class='ocrx_word' id='word_1_290' title='bbox 573 4433 744 4510; x_wconf 63' lang='grc' dir='ltr'><strong>11111111εῆ</strong></span> <span class='ocrx_word' id='word_1_291' title='bbox 758 4451 781 4490; x_wconf 82' lang='lat' dir='ltr'><strong>n</strong></span> <span class='ocrx_word' id='word_1_292' title='bbox 794 4449 881 4490; x_wconf 71' lang='lat' dir='ltr'><strong>uum</strong></span> <span class='ocrx_word' id='word_1_293' title='bbox 901 4428 1022 4506; x_wconf 78' lang='lat' dir='ltr'><strong>vitiose,</strong></span> <span class='ocrx_word' id='word_1_294' title='bbox 1044 4427 1082 4491; x_wconf 81' lang='lat' dir='ltr'><strong>es.</strong></span> <span class='ocrx_word' id='word_1_295' title='bbox 1104 4427 1165 4505; x_wconf 61' lang='grc' dir='ltr'><strong>ᾖ,</strong></span> <span class='ocrx_word' id='word_1_296' title='bbox 1186 4428 1216 4488; x_wconf 80' lang='grc'><strong>1.</strong></span> 
     </span>
    </p>
   </div>
   <div class='ocr_carea' id='block_1_5' title="bbox 0 0 1654 5354">
    <p class='ocr_par' dir='ltr' id='par_1_5' title="bbox 0 0 1654 5354">
     <span class='ocr_line' id='line_1_36' title="bbox 0 0 1654 5354; baseline 0 0"><span class='ocrx_word' id='word_1_297' title='bbox 0 0 1654 5354; x_wconf 95' lang='lat' dir='ltr'><strong> </strong></span> 
     </span>
    </p>
   </div>
  </div>
 </body>
</html>
