3240 5328
941 492 1007 558 206

436 688 566 754 κυκλων,
583 645 728 758 'repdrrtt'
749 673 881 738 luminis
904 668 1115 758 ἓοκιμιζουη
1137 691 1212 736 eam
1245 668 1338 736 haud
1360 673 1437 736 sinit
1463 698 1510 736 ars·

438 789 585 878 λαζισθαιι
612 811 701 864 eam,
735 799 910 874 propterea
940 784 1030 872 quod
1057 787 1182 872 accepit
1211 807 1308 849 suum
1338 805 1511 848 numerum

344 941 347 950 v
438 923 564 980 κυκλων,
585 917 675 968 caan
696 900 798 965 tradit
820 923 892 965 eam
917 912 1043 986 septem
1063 898 1208 982 rapdnmr
1228 899 1368 973 luminis,
1393 911 1427 962 ct
1442 920 1509 984 sep-

437 1033 506 1084 tem
529 1017 659 1101 παρθενοι
682 1015 812 1078 luminis
836 1013 1031 1099 ὃσκιμιζουτι
1049 1009 1161 1098 dnm
1179 1011 1268 1076 iilam
1292 1025 1326 1076 et
1347 1011 1510 1098 βιπιζιυ-

438 1161 480 1198 σιν
497 1155 570 1198 eam
586 1133 652 1196 suis
676 1129 899 1209 fiamrcpcectr,
922 1141 955 1191 et
971 1126 1097 1191 dabunt
1118 1126 1147 1190 ei
1162 1152 1287 1208 χοισμα.
1307 1151 1512 1208 vituperarem,
1541 1152 1550 1188 s

437 1261 476 1311 ut
499 1246 653 1310 ducentes
677 1265 750 1306 earn
774 1241 816 1305 ad
839 1240 980 1318 θησαυρον
1002 1240 1132 1304 luminis
1160 1253 1287 1326 ponant
1308 1261 1383 1303 eam
1406 1243 1442 1302 in
1466 1239 1511 1302 ui·

436 1363 519 1424 tima
540 1356 623 1444 ταξιι
644 1355 785 1426 luminis,
810 1353 861 1421 ine
884 1375 989 1440 usque
1012 1353 1055 1417 ad
1078 1355 1280 1419 evectionem
1301 1351 1421 1438 ψνχων
1445 1375 1510 1416 orn·

436 1475 530 1538 nium
552 1485 684 1546 τελειωνς
713 1480 747 1533 et
769 1491 871 1553 quum
893 1471 1083 1554 paraverint
1108 1467 1238 1532 trahere
1261 1469 1293 1554 (i.
1305 1488 1333 1530 e.
1354 1466 1510 1548 revelare)

437 1609 707 1668 aeternamm
726 1609 817 1648 τοπου
840 1582 974 1657 horum,
999 1584 1055 1666 qui
1078 1582 1265 1668 (pertinent)
1288 1579 1332 1644 ad
1354 1579 1513 1654 dextram,

436 1711 579 1788 purgant
599 1696 709 1782 ψυχην
732 1696 821 1760 iiiam
843 1699 963 1760 iterum
987 1707 1020 1760 et
1045 1696 1252 1762 xataamum
1275 1715 1363 1770 eam,
1392 1708 1432 1758 ut
1455 1716 1512 1780 pc-
1536 1719 1551 1758 r

323 1803 398 1876 329
436 1825 518 1878 nant
540 1833 612 1876 earn
634 1814 669 1874 in
690 1809 793 1898 τιξεσι
815 1811 912 1897 primi
935 1835 1067 1892 σωτηροι,
1093 1811 1148 1894 qui
1170 1811 1205 1872 in
1220 1808 1355 1893 θητιυρῳ
1370 1808 1512 1872 luminis

436 1927 573 1992 Factum
596 1928 694 2013 igitur
718 1938 776 2000 cst,
800 1945 904 2008 quum
926 1948 1019 2003 σωτηρ
1041 1920 1167 1987 finisset
1188 1920 1293 1987 dicere
1314 1923 1396 1986 haec
1410 1921 1514 1988 verba

437 2044 504 2106 suis
527 2026 690 2119 μιθητωιὲ,
721 2036 922 2125 respondens
945 2035 1049 2100 Maria
1072 2035 1153 2100 dixit
1178 2035 1265 2100 Iesu:
1295 2039 1340 2100 mi
1371 2035 1512 2111 domine,

437 2153 549 2218 audivi
570 2167 603 2218 tc
627 2151 801 2217 dicentem:
832 2154 857 2215 si
881 2153 953 2236 quis
977 2153 1138 2238 acceperit
1165 2171 1373 2233 ομυστηριως
1395 2149 1512 2215 lneffa·

435 2265 524 2339 biiis‚
555 2279 614 2329 aut
636 2269 662 2329 si
691 2268 763 2349 quis
788 2267 949 2351 acceperit
976 2287 994 2330 e
1023 2291 1189 2347 μυπηριοις
1214 2266 1310 2351 primi
1338 2291 1511 2346 μυπηριου,
1535 2287 1550 2326 r

435 2378 520 2444 fiunt
541 2377 622 2442 radii
645 2377 790 2452 luminis,
814 2391 848 2442 et
870 2380 1022 2466 απορῥοιαι
1045 2378 1190 2453 luminis,
1214 2391 1252 2442 nt
1273 2391 1446 2442 transeant
1465 2405 1511 2444 rc·

435 2519 510 2564 τους
532 2515 654 2566 omncs,
679 2490 730 2560 ἕως
752 2513 856 2576 usquc
880 2490 959 2556 dum
982 2495 1174 2580 perveniant
1192 2495 1225 2556 in
1240 2519 1326 2557 raros
1342 2515 1422 2557 suae
1439 2509 1511 2566 xta·
1600 2489 1601 2492 '

434 2630 580 2694 peropaca.
624 2605 838 2692 Respondeas
869 2633 961 2688 σωτηρ
993 2605 1074 2670 dixit
1104 2606 1240 2671 Mariae:
1271 2610 1297 2671 si
1328 2610 1513 2693 acceperint
1600 2665 1601 2688 p

434 2745 591 2804 μυστηριον
611 2745 652 2783 m
674 2721 821 2783 viventes
846 2733 879 2782 et
902 2722 1038 2784 exierint
1061 2741 1077 2784 e
1102 2747 1231 2798 σωματι,
1253 2719 1338 2784 fiunt
1356 2719 1443 2784 radii
1464 2721 1512 2784 iu·
1600 2735 1601 2800 i

434 2835 529 2898 minis
560 2845 594 2898 et
624 2835 774 2920 exspirant
803 2833 949 2910 luminis,
985 2846 1023 2898 ut
1051 2847 1221 2899 transcant
1249 2859 1355 2906 τοπους
1386 2857 1551 2910 omnesa

434 2970 539 3034 usque
563 2945 643 3010 dum
665 2950 873 3033 pervenerint
894 2949 928 3011 in
956 2973 1043 3012 τοπον
1072 2971 1151 3014 suae
1180 2961 1390 3032 κληρονομιις,
1420 2963 1512 3015 ann

435 3065 462 3128 si
484 3074 671 3150 peccatores
695 3073 786 3137 sunt,
817 3063 872 3148 qui
901 3064 1038 3126 exierint
1065 3084 1082 3126 e
1106 3087 1225 3140 σωμωτι
1252 3061 1342 3126 haud
1363 3089 1511 3144 perassa-

432 3201 545 3251 cemt,
569 3189 602 3240 et
624 3173 764 3239 feceritis
787 3197 848 3262 pro
872 3177 910 3240 iis
931 3199 1088 3256 μυστηριον
1102 3175 1288 3252 ineffabilis,
1309 3175 1513 3242 transferent

434 3309 491 3354 eos
514 3311 532 3354 e
554 3303 713 3356 artemis
730 3289 891 3366 omnibus,
914 3302 953 3354 ut
973 3291 1117 3354 iniiciant
1139 3313 1196 3356 eos
1218 3294 1252 3356 in
1276 3316 1370 3369 rupa
1390 3291 1511 3366 dauns,

434 3403 524 3488 quod
554 3407 615 3468 erit
646 3403 775 3488 αγαθον,
811 3415 849 3467 ut
878 3417 1081 3493 κληρονομησῃ
1110 3427 1247 3490 regnum
1276 3404 1424 3480 luminis,
1464 3419 1509 3476 et,
1534 3429 1552 3466 rr

434 3517 461 3578 si
485 3513 638 3580 duxerint
661 3539 736 3581 cum
763 3520 796 3581 in
819 3517 970 3582 ultimam
991 3516 1074 3606 τιξιν
1097 3517 1243 3595 luminis,
1271 3540 1338 3583 non
1369 3533 1512 3606 possunt

431 3629 571 3690 transire
593 3653 716 3701 rorone,
747 3628 838 3714 quod
868 3633 929 3717 ipsi
959 3653 1027 3695 non
1057 3630 1206 3696 fecerunt
1226 3657 1393 3716 perrepere,
1417 3645 1513 3700 αλλι

431 3754 658 3820 raptamur
680 3740 902 3818 Melchisedeci
924 3747 1026 3809 secuti
1051 3759 1127 3809 sunt
1150 3768 1222 3823 eos,
1244 3760 1284 3810 ut
1306 3746 1430 3810 ducant
1452 3768 1511 3811 eos

318 3843 392 3918 330
432 3853 475 3921 ad
498 3853 633 3940 repdrssr
655 3854 795 3934 luminiS,
819 3870 852 3921 et
874 3857 985 3924 multis
1007 3859 1132 3924 vicibus
1154 3874 1317 3944 λιιτῡυργοι
1335 3887 1439 3944 repam
1459 3888 1510 3944 ιρ-

430 3996 543 4054 χοντων
570 3969 799 4057 recedebunt,
828 3983 869 4036 ut
897 3975 1089 4059 accipientes
1117 3969 1234 4058 ψυχας
1262 3973 1332 4038 ilias
1373 3974 1511 4040 tradant
1534 3995 1554 4034 s

431 4105 485 4150 cas
510 4083 570 4150 sibi
591 4086 744 4160 invicem,
773 4082 824 4157 ἕως
846 4107 954 4171 usque
983 4085 1062 4151 dum
1084 4084 1238 4154 duxerint
1265 4109 1339 4154 eam
1362 4086 1407 4154 ad
1430 4115 1510 4174 πιρ-
1600 4113 1601 4176 ;

513 4321 564 4384 14.
585 4323 635 4387 15.
658 4327 770 4406 siquis
793 4325 984 4404 (adverbum
1007 4329 1110 4408 „qui”
1133 4329 1183 4406 P.)
1241 4330 1290 4390 19.
1311 4353 1422 4400 σωμαη
1444 4329 1510 4409 (vel

429 4423 583 4500 „wrm”
598 4424 648 4502 Ρ.)
687 4425 738 4486 25.
761 4439 792 4490 et
806 4431 871 4510 (ant
891 4427 940 4507 P.)
981 4427 1032 4490 28.
1054 4428 1151 4492 secuti
1166 4440 1237 4491 sunt
1250 4431 1436 4511 (canuntur
1457 4429 1510 4506 P.)
