3240 5328
636 495 701 564 237

130 687 170 740 ut
191 702 353 763 τιμωρωσιν
377 679 506 742 camin
534 677 603 742 istis
627 675 708 741 alios
739 697 796 742 sex
817 697 944 742 menses
973 692 1006 742 et
1029 689 1103 744 octo
1127 675 1204 744 dies.

130 789 211 854 Post
232 789 312 855 haec
336 803 467 855 sument
489 811 562 854 eam
586 812 717 855 sursum
738 793 772 854 iu
793 793 883 856 viam
905 791 1018 868 medii,
1044 805 1082 856 ut
1103 815 1204 856 unus·

131 907 270 989 quisque
299 929 450 988 αρχοντων
482 907 555 968 viae
589 902 686 968 medii
713 917 832 994 κολασῃ
862 927 934 969 eam
963 907 1028 968 suis
1058 920 1203 970 κιλασεσι

131 1039 188 1082 sex
211 1017 291 1080 alios
316 1038 443 1081 menses
473 1030 506 1081 et
537 1029 610 1081 octo
641 1016 718 1082 dies.
763 1016 844 1082 Post
871 1018 952 1084 baec
983 1017 1102 1082 ducent
1131 1041 1204 1084 eam

75 1155 90 1194 ι
130 1129 172 1194 ad
190 1128 326 1218 παρθενιν
349 1128 489 1206 luminis,
513 1152 598 1216 quae
620 1156 757 1216 κρινιυσοι
777 1130 909 1216 evadant
931 1146 965 1196 et
987 1157 1122 1217 πονηρους
1144 1159 1204 1217 κρι-

130 1271 161 1335 νῃ
189 1266 271 1310 eam.
315 1243 361 1308 Et
383 1266 486 1331 quum
510 1251 630 1330 σφωιριι
654 1265 811 1308 conversa
841 1247 896 1321 sit,
924 1243 1025 1308 tradit
1054 1267 1108 1309 eas
1137 1249 1203 1309 suis

130 1370 383 1444 παραλημπιιις,
410 1371 449 1421 ut
469 1359 613 1421 inliciant
635 1379 708 1421 eam
730 1359 765 1420 in
787 1385 895 1429 ιιιωνας
914 1367 1062 1443 schamat,
1087 1371 1119 1422 et
1140 1375 1203 1424 λει-

129 1497 246 1558 τουργιι
271 1480 412 1559 edoceat
434 1470 554 1536 ducent
583 1493 655 1535 eam
687 1468 729 1534 ad
760 1491 895 1556 aquam,
926 1493 1009 1557 quae
1041 1485 1090 1536 est
1118 1471 1203 1536 infra

129 1595 274 1672 σφαιριιν,
297 1599 335 1648 ut
356 1588 437 1672 ignis
462 1584 618 1651 ebulliens
642 1583 794 1649 comedat
816 1605 899 1659 eam,
922 1583 1125 1669 usquedum
1145 1611 1202 1650 κα·
1241 1586 1316 1659 380

76 1724 103 1766 ac
130 1698 231 1791 θαρισῃ
256 1721 328 1764 eam
350 1699 456 1763 valde.
496 1699 542 1763 Et
562 1700 696 1765 veniens
718 1696 875 1784 laluham,
898 1714 1122 1782 ταραλημπτης
1143 1697 1202 1762 Sa·

127 1801 241 1878 baothi
256 1801 412 1888 Adamac‚
437 1815 493 1898 qui
512 1811 569 1876 dat
585 1812 718 1876 calicem
741 1809 912 1876 oblivionis
928 1807 1062 1897 ψυχιιις,
1087 1810 1203 1876 afferet

130 1927 261 2011 calicem
283 1926 419 2013 plenum
443 1947 529 2010 aqua
558 1924 745 2002 oblivionis,
776 1937 813 1988 ut
841 1923 898 1989 det
924 1946 999 2008 eum
1021 1921 1133 2016 ψυχῃ,
1164 1939 1203 1989 ut

127 2039 243 2105 bibens
267 2061 343 2103 eum
367 2038 576 2104 obliviscatur
598 2039 747 2102 locorum
771 2041 932 2114 omnium,
960 2049 993 2102 et
1014 2065 1107 2104 τοπων
1131 2062 1201 2102 om-

129 2157 232 2228 nium,
254 2155 286 2214 in
311 2173 395 2237 quos
417 2153 517 2226 venit,
539 2163 577 2213 ut
592 2153 712 2213 inliciat
727 2173 799 2214 eam
815 2155 848 2214 in
864 2177 965 2234 σωμιι,
990 2152 1079 2238 quod
1094 2166 1200 2218 trans-

75 2291 103 2332 ιι
133 2278 283 2329 acturum
307 2286 404 2328 suum
426 2277 569 2352 tempus,
600 2262 723 2328 dolebit
744 2267 777 2326 in
801 2287 861 2328 suo
885 2265 982 2330 corde
1006 2281 1205 2334 constanter..

128 2378 218 2444 Haec
252 2391 301 2442 est
330 2392 457 2448 aonam
486 2378 626 2442 bominis
657 2380 875 2443 conviciantis.
924 2379 1064 2466 Pergeus
1095 2382 1200 2446 adhuc

127 2492 231 2558 Maria
258 2490 354 2556 dixit:
385 2494 430 2555 mi
457 2491 602 2567 domine,
632 2491 732 2556 bomo
761 2505 951 2557 natatatov
979 2515 1200 2578 perseverans,

129 2627 232 2690 quum
255 2607 360 2668 exite
389 2631 522 2688 σωματι,
554 2627 699 2693 quonam
727 2603 847 2670 vadet?
878 2617 935 2670 aut
959 2627 1119 2691 quaenam
1152 2619 1201 2670 cst

129 2720 197 2784 eius
220 2718 365 2787 nonanta?
403 2718 493 2782 Dixit
511 2716 614 2782 Iesus:
638 2718 738 2782 homo
755 2731 953 2796 καταλαλων,
976 2742 1198 2807 perseverans,

72 2857 101 2899 m
130 2852 231 2917 quum
255 2829 444 2896 absolutum
467 2833 508 2894 sit
532 2832 600 2894 eius
622 2841 752 2916 tempus
771 2838 900 2916 udaian,
922 2844 962 2895 ut
984 2847 1077 2896 exeat
1101 2856 1117 2898 e
1141 2861 1198 2899 σω-

125 2971 217 3029 uate,
248 2947 380 3010 venient
410 2942 451 3008 ad
482 2963 559 3006 cum
588 2940 712 3006 Abiuth
741 2953 774 3006 et
800 2951 946 3026 Xenoni,
976 2958 1202 3024 παραλημπτης
1234 2929 1355 3038 lffill
1396 2909 1566 3038 ΝὛ
1591 2942 1599 3012 l

125 3057 257 3134 Ariclis‚
287 3057 406 3121 ducent
428 3060 497 3121 eius
520 3053 630 3142 doxon
654 3077 672 3120 e
695 3081 828 3139 σωματι,
857 3069 896 3119 ut
924 3067 990 3120 tres
1014 3055 1082 3120 dies
1110 3055 1200 3120 festi·

126 3186 205 3236 nent
227 3193 302 3236 cum
326 3193 366 3235 ca
388 3171 540 3235 docentes
565 3191 637 3233 eam
661 3181 826 3233 creaturas
849 3195 974 3254 κοσμου.
1016 3169 1097 3235 Post
1118 3169 1198 3234 baec

127 3285 288 3350 deducent
311 3307 382 3350 eam
405 3284 440 3348 in
463 3305 576 3348 orcum
600 3280 642 3345 ad
663 3281 815 3358 Arietem,
838 3295 876 3346 ut
898 3295 1016 3371 κολασῃ
1040 3304 1113 3348 eam
1132 3285 1198 3346 suis

72 3427 99 3466 aa
126 3413 285 3466 κολωσισιν
308 3397 459 3462 undecim
482 3417 608 3460 menses
633 3408 667 3460 et
693 3397 807 3480 viginti
834 3417 938 3460 unum
962 3394 1058 3460 diem.
1101 3394 1198 3460 Post-

125 3513 186 3577 hac
208 3511 329 3576 ducent
352 3531 426 3574 cam
448 3512 482 3572 in
505 3507 602 3572 chaos
627 3506 668 3571 ad
694 3506 935 3574 Ialtabaothum
959 3512 1093 3596 eiusque
1118 3531 1197 3595 qua-

126 3623 275 3712 draginta
297 3645 418 3690 novem
441 3621 595 3707 donnana,
622 3634 661 3685 ut
682 3622 927 3708 unumquodvis
952 3623 1105 3706 tainum
1128 3627 1197 3689 eius

126 3752 221 3803 exeat
247 3742 375 3802 ineam
400 3737 480 3802 alios
502 3733 654 3800 undecim
677 3758 804 3800 menses
835 3751 934 3821 atquc
963 3741 1061 3802 etiam
1083 3740 1197 3819 viginti
1251 3725 1253 3731 ’

125 3871 229 3914 unum
252 3849 351 3926 diem,
374 3858 613 3937 σφρωγελλοντα
636 3869 709 3912 cam
730 3845 856 3934 μαστιξι
879 3847 972 3908 fumi.
1016 3847 1096 3910 Post
1118 3844 1196 3908 haec

70 3991 99 4032 ao
126 3961 247 4028 ducent
275 3983 348 4026 cam
377 3983 416 4026 ex
443 3963 493 4026 his
522 3957 710 4024 fluminibus
742 3957 824 4022 fumi
854 3969 887 4021 et
914 3955 1085 4025 θαλασσαις
1114 3959 1195 4042 ignis
1235 3953 1306 4028 381

125 4075 363 4152 ebullientibus,
385 4088 424 4139 ut
444 4099 605 4160 τιμωρωσιν
622 4093 693 4136 eam
716 4074 751 4135 in
773 4074 811 4136 iis
835 4069 915 4134 alios
938 4068 1089 4134 undecim
1106 4091 1196 4134 men·

123 4211 174 4257 ses
204 4202 237 4256 ct
264 4190 378 4278 viginti
407 4209 510 4254 unum
539 4186 633 4252 diem.
684 4185 730 4250 Et
758 4183 943 4274 posthaec
974 4181 1094 4249 ducent
1123 4205 1195 4248 eam

162 4419 213 4478 21.
236 4428 442 4502 παραλημπης
451 4419 690 4555 (παραλημπται.
684 4415 733 4494 Ρ.)
776 4415 826 4476 30.
847 4435 880 4478 ex
894 4415 938 4477 his
956 4415 1027 4495 (det.
1045 4415 1134 4494 „bis”
1145 4416 1195 4493 P.)
