3296 5354
673 490 717 557 19

154 695 255 758 ματα.
293 668 384 736 Haec
405 669 506 754 igitur
529 689 633 755 quum
652 665 790 735 dixisset
812 673 879 738 suis
900 669 1058 759 nabasce,
1082 672 1232 744 dixitiise

155 789 208 850 cui
231 797 309 850 sunt
331 805 427 848 aures
451 781 494 847 ad
517 780 730 860 audiendum,
754 783 877 850 audito.

245 897 383 961 Factum
412 898 512 982 igitur
543 908 608 973 est,
647 918 751 982 quum
779 896 940 964 Maribam
973 900 1119 968 audisset
1151 902 1233 971 bace

154 1011 272 1087 verba,
303 1032 388 1097 quae
411 1008 494 1074 dixit
515 1035 623 1096 σωτηρ,
647 1013 785 1076 attonite
807 1015 930 1077 intuita
946 1016 981 1078 in
1003 1040 1079 1103 aspa
1100 1029 1232 1106 tempus

113 1151 128 1190 s
155 1129 253 1191 unius
275 1124 393 1201 borae,
425 1123 521 1188 dixit:
551 1125 597 1187 mi
621 1123 767 1202 domine,
798 1137 903 1191 κελωι
924 1127 1018 1206 mibi,
1053 1142 1093 1193 ut
1113 1130 1233 1216 loquar

154 1243 189 1304 in
211 1239 370 1328 παρρησιφ.
414 1236 629 1324 Respondens
656 1237 747 1302 Iesus
775 1241 959 1306 misericors
989 1241 1070 1306 dixit
1092 1241 1231 1308 Mariba-

155 1375 245 1418 mae:
282 1351 458 1426 Maribam,
487 1375 643 1436 mapsa,
673 1373 774 1437 quam
805 1351 974 1418 absolvam
1003 1356 1039 1418 in
1065 1380 1234 1444 μυστηρωις

157 1465 310 1531 omnibus
334 1487 418 1550 qnae
442 1465 497 1552 (sc.
520 1465 694 1552 pertinent)
719 1465 763 1530 ad
786 1465 1006 1546 altitudinem,
1034 1468 1170 1556 loquare
1197 1473 1233 1535 in

157 1581 322 1668 παῤῥησια,
350 1590 404 1655 tu,
436 1581 526 1642 cinus
557 1599 613 1644 cor
643 1577 803 1644 directum
833 1583 868 1646 in
897 1603 1036 1669 regnum
1065 1584 1233 1650 caelorum

103 1719 131 1759 ιο
157 1696 261 1781 magis
285 1714 386 1778 quam
408 1694 556 1757 omnium
577 1704 713 1756 tuorum
735 1691 886 1758 fratrum.

246 1816 321 1874 Tm
344 1804 426 1870 dixit
448 1805 606 1871 Maribam
629 1827 750 1890 σωτηριε
773 1809 819 1870 mi
842 1804 988 1872 domine!
1028 1808 1230 1887 Sermonem,

157 1942 257 2007 quem
269 1919 377 1986 dixisti
387 1919 498 1984 nobis:
514 1922 590 1997 „cin
602 1933 679 1984 sunt
690 1940 785 1984 aures
799 1918 841 1984 ad
858 1921 1067 1998 audiendum,
1091 1921 1231 2000 audito,’'
1282 1917 1331 1995 27

158 2034 247 2109 dicis,
270 2047 308 2098 ut
329 2034 545 2120 intelligamus
561 2039 630 2116 (vos)
651 2055 844 2110 sermonem,
869 2057 968 2121 quem
991 2033 1107 2100 dixisti.
1145 2036 1233 2103 Audi

157 2150 267 2233 igitur,
289 2149 335 2210 mi
358 2146 503 2212 domine!
544 2147 660 2211 Dicam
681 2151 717 2212 in
738 2148 887 2236 salinam
910 2171 1109 2227 sermonem,
1133 2173 1233 2237 quem

105 2288 132 2328 ss
160 2261 286 2337 dixisti,
317 2260 447 2325 scilieet:
482 2259 612 2325 Abstuli
641 2273 770 2348 partem
797 2264 930 2326 tertiam
957 2264 993 2327 in
1018 2266 1053 2329 vi
1081 2288 1232 2349 αρχοντων

160 2401 217 2442 των
237 2401 344 2442 erosos
368 2377 528 2450 omnium,
558 2387 658 2460 atque
679 2377 806 2440 mutavi
829 2397 945 2442 eorum
968 2375 1153 2463 εἱμαρμινην,
1177 2399 1232 2442 eo·

156 2511 296 2575 rumque
312 2497 456 2575 σφαιραν,
481 2505 564 2573 quae
585 2501 665 2553 sunt
680 2487 831 2554 dominae
845 2489 992 2566 illorum,
1014 2503 1068 2567 ut,
1092 2493 1119 2556 si
1138 2493 1231 2556 invo-

158 2605 279 2669 caverit
294 2599 454 2690 (sssmates)
479 2623 534 2666 eos
551 2621 652 2687 genus
667 2605 773 2686 (γενος)
789 2600 961 2668 bominum
971 2606 1006 2668 in
1023 2625 1140 2669 eorum
1150 2630 1232 2689 μυσ-

156 2741 266 2800 τηριοις,
290 2737 374 2801 quae
398 2713 583 2780 docuerunt
604 2736 660 2779 eos
676 2727 805 2802 αγγελοι
823 2731 995 2803 peccantes
1015 2719 1233 2804 (repedasset)

106 2855 133 2896 ss
160 2829 202 2894 ad
217 2828 415 2916 perficienda
430 2851 490 2892 sua
504 2826 651 2892 facinora
665 2827 752 2892 mala
768 2840 801 2892 et
815 2855 917 2913 avena
931 2833 966 2893 in
982 2856 1135 2918 μυστηριῳ
1155 2852 1234 2896 suae

158 2969 290 3028 navias,
309 2981 345 2992 -
371 2955 411 3006 ut
431 2962 473 3006 ne
495 2953 631 3029 possent
652 2941 728 3006 inde
750 2939 792 3008 ab
814 2941 875 3006 hae
898 2941 980 3005 bora
994 2942 1150 3029 perlicere
1173 2965 1233 3008 sua

161 3055 307 3120 facinora
330 3081 447 3139 ανομω,
469 3076 548 3118 nam
571 3052 734 3119 abstulisti
757 3075 873 3118 eorum
894 3057 962 3119 vim
985 3057 1038 3130 iis,
1060 3068 1095 3120 et
1117 3077 1234 3120 eorum

162 3167 364 3234 ordinatores
393 3169 509 3244 horae,
541 3190 722 3254 eorumque
753 3166 967 3244 divinatores,
1003 3180 1037 3232 et
1063 3168 1141 3244 bos,
1177 3171 1234 3254 qul

160 3294 346 3346 monstrant
366 3281 567 3357 hominibus,
598 3285 655 3367 qui
676 3284 711 3346 in
732 3307 854 3369 κοσμῳ,
883 3304 935 3346 res
957 3268 1071 3346 ¹omnes
1094 3280 1233 3359 futuras,

107 3422 134 3462 as
161 3408 263 3461 utne
284 3395 427 3461 habeant
448 3394 640 3460 facultatem
662 3398 743 3476 (voss)
770 3395 847 3460 inde
869 3394 910 3460 ab
940 3394 1003 3459 bac
1029 3395 1111 3462 bora
1139 3417 1234 3462 mon·

161 3508 285 3574 strandi
305 3513 344 3576 iis
368 3509 550 3597 quidquam
572 3507 736 3586 latinum,
769 3513 926 3596 quoniam
954 3511 1090 3575 mutasti
1119 3529 1235 3576 eorum

158 3633 300 3712 σφαιφων,
331 3637 432 3710 atque
462 3621 635 3688 reddidisti
657 3645 713 3690 eos
748 3645 805 3688 sex
833 3645 962 3690 menses
996 3645 1171 3691 conversos
1200 3627 1236 3689 in

159 3741 334 3816 sinistram,
356 3736 561 3826 perficientes
576 3759 639 3801 sua
653 3750 902 3823 αποτιλισμιτω,
925 3751 960 3804 et
976 3738 1056 3803 alios
1073 3760 1130 3803 sex
1143 3741 1234 3802 men·

160 3872 211 3914 ses
233 3855 397 3916 inurentes
422 3849 587 3928 dextram,
601 3850 817 3938 'perficientes
841 3873 901 3917 sna
929 3863 1169 3930 αποτελεσμιτιι
1194 3885 1232 3898 -

106 3989 135 4032 ao
163 3961 204 4027 de
226 3961 289 4026 boc
313 3985 463 4029 sermone
483 3967 591 4051 igitur,
614 3967 659 4029 mi
683 3964 828 4030 domine!
851 3963 963 4029 locuta
985 3975 1035 4028 est
1054 3962 1118 4025 boe
1132 3957 1234 4024 modo

160 4075 221 4152 vis,
245 4097 330 4162 quae
352 4077 387 4140 in
400 4075 507 4153 Esaia,
533 4087 685 4171 προφητῃ,
708 4091 743 4144 et
763 4076 903 4166 protulit
925 4096 1001 4140 eum
1022 4077 1057 4138 in
1071 4071 1236 4164 παριβολῃ

242 4222 273 4285 5.
295 4225 384 4288 unius
405 4225 570 4311 (superflua
589 4227 709 4290 videtur
729 4247 787 4289 vox
808 4225 951 4302 „unius”
974 4224 1024 4298 Ρ.)
1065 4221 1117 4284 tt.
1142 4232 1177 4282 ut
1197 4241 1236 4284 ne

159 4324 238 4404 (add.
260 4326 357 4410 igilur
375 4328 427 4405 P.)
479 4327 531 4390 27.
554 4342 681 4415 σφαιραν
701 4329 843 4410 (σφαιρας
863 4326 912 4402 P.)
967 4323 1018 4384 31.
1041 4321 1079 4385 cl.
1103 4323 1237 4399 les.'19,

160 4425 189 4484 1.
203 4424 233 4485 3.
251 4425 302 4487 1⁸2.
323 4426 359 4488 P.

986 4528 1032 4599 b*
