3296 5354
917 463 963 530 70

402 664 471 724 me,
500 644 680 711 adnuentcs
702 643 791 710 mihi.
835 638 933 721 βοηθιι
959 640 1040 706 mihi
1067 665 1151 709 sara
1176 653 1271 706 tuam
1297 641 1478 706 misericor·

290 753 363 828 108
404 759 518 826 diam.”
563 759 657 824 Nunc
678 760 778 845 igitur
800 758 892 821 cuius
915 779 1036 842 πνιυμα
1059 755 1180 834 alacre,
1202 754 1420 843 progreditor‚
1442 768 1480 819 ut

403 874 490 940 dieat
529 872 726 938 solutionem
768 869 980 936 duodecimae
1020 895 1181 956 panaretos
1209 893 1333 939 πιπεως
1358 877 1478 954 copem.

401 987 598 1073 Progressus
622 983 653 1052 dt
674 983 822 1050 Andreas
846 983 942 1048 dixit:
974 987 1020 1047 mi
1049 982 1180 1048 domine
1202 1007 1308 1068 σωτερ,
1342 996 1403 1046 tua
1430 985 1480 1046 vis

401 1100 533 1166 luminis
557 1108 771 1188 ιπροφητευσιν
795 1097 873 1163 olim
897 1119 957 1185 pcr
978 1097 1141 1163 Davidem
1169 1096 1210 1162 de
1237 1095 1298 1161 hac
1325 1121 1479 1184 mearam„
1520 1119 1534 1158 a

404 1236 505 1302 quam
536 1212 617 1278 dixit
647 1235 744 1281 reem
761 1219 877 1299 repra,
913 1224 946 1276 et
978 1209 1059 1276 dixit
1088 1213 1122 1274 in
1153 1212 1329 1275 centesimo
1363 1223 1479 1274 octavo

402 1326 551 1393 Psalmo:
576 1325 704 1402 ‚‚Deus‚
727 1346 769 1389 ue
791 1338 863 1388 tace
886 1323 930 1388 ad
950 1347 1060 1389 meam
1081 1324 1223 1401 laudem,
1246 1322 1337 1411 quod
1354 1344 1390 1386 os
1405 1343 1480 1409 pec-

403 1442 523 1504 catoris
547 1452 580 1504 et
603 1438 670 1503 doli
693 1451 895 1525 aperuerunt
917 1460 1013 1503 suum
1037 1459 1074 1503 os
1101 1441 1136 1502 in
1157 1459 1220 1502 me.
1264 1436 1382 1501 Locuti
1405 1448 1482 1500 sunt

403 1555 438 1617 in
459 1573 513 1618 me
535 1553 647 1638 lingua
670 1550 794 1629 dolosa,
818 1564 852 1617 et
874 1550 1159 1639 circumdederunt
1179 1573 1234 1615 me
1255 1550 1364 1616 verbis
1387 1549 1480 1615 odio·

403 1669 464 1743 sis,
493 1679 527 1731 et
547 1679 736 1754 pugnarunt
758 1687 888 1730 mecum
911 1667 978 1730 sine
1002 1686 1115 1742 causa3
1143 1665 1232 1742 loco,
1257 1663 1348 1750 quod
1370 1663 1479 1750 dilige·
1511 1687 1536 1728 u

402 1793 477 1846 rent
499 1802 567 1856 me,
594 1777 736 1858 ὃιεβωλον
759 1801 822 1844 mc.
866 1779 938 1866 Ego
962 1777 994 1845 dt
1020 1777 1188 1866 precabar.
1234 1777 1483 1842 Constituerunt

402 1895 439 1960 in
460 1916 513 1958 me
535 1893 623 1958 moda
645 1893 718 1959 loco
742 1892 924 1970 bonorum,
948 1906 981 1958 et
1004 1891 1118 1956 odium
1140 1893 1213 1958 loco
1237 1914 1376 1979 αγωτηςς
1404 1913 1481 1956 con-

404 2011 503 2074 stitue
533 2005 685 2094 (eadem)
714 2021 921 2094 peccatorem
951 2027 1050 2094 super
1080 2029 1172 2084 eum,
1210 2019 1309 2091 atquc
1339 2001 1483 2081 διιβολος

405 2133 492 2185 stato
516 2119 651 2186 adeius
675 2119 833 2185 dextram.
872 2119 906 2184 Si
929 2119 1145 2185 iudicaverint
1166 2142 1257 2196 eum,
1281 2121 1368 2184 exito
1390 2117 1481 2183 dam·

403 2246 511 2298 natus.
555 2233 601 2298 Et
624 2235 691 2298 eius
722 2235 866 2320 precatio
895 2233 954 2298 fiat
981 2248 1160 2321 peccatum.
1205 2233 1286 2298 Eius
1310 2231 1377 2298 dics
1402 2230 1480 2296 defi·
1514 2258 1539 2299 rs

406 2348 526 2423 ciunto‚
549 2367 700 2412 necnon
722 2345 804 2411 alius
829 2349 964 2433 accipito
989 2351 1058 2412 eius
1080 2373 1276 2413 mersorum.
1321 2345 1401 2411 Eius
1424 2344 1483 2410 filii

404 2459 487 2525 fiant
510 2469 647 2547 apparas,
672 2463 806 2546 eiusque
830 2464 949 2524 coniux
970 2460 1029 2526 iiat
1051 2487 1145 2546 χηρω.
1183 2458 1390 2525 Conturbcnt
1412 2463 1482 2524 eius

404 2572 525 2638 liberos
549 2587 582 2639 et
609 2573 809 2639 transferant
839 2595 910 2651 eos,
940 2589 979 2639 ut
1005 2588 1197 2661 precentur,
1225 2577 1397 2662 proiiciant
1425 2595 1482 2639 eos

405 2707 446 2752 ex
475 2690 541 2752 suis
571 2686 734 2752 aedificiis.
785 2694 946 2762 decerem
974 2689 1188 2775 perlustrato,
1228 2710 1312 2774 quae
1346 2701 1423 2752 sunt
1453 2691 1483 2752 ei

293 2795 368 2870 109
407 2802 533 2878 omnia,
565 2815 598 2866 et
620 2803 781 2888 peregrini
804 2800 991 2888 abripiunto
1015 2804 1084 2866 eius
1114 2800 1243 2866 labores
1267 2823 1390 2866 omnes.
1433 2801 1481 2867 Ne
1515 2829 1540 2870 n

406 2927 477 2981 ceto
500 2937 637 2980 manum
659 2917 689 2980 ei
711 2915 930 3002 praebiturus,
952 2937 1036 2980 neve
1059 2913 1149 3002 (code)
1168 2914 1389 2980 misericordia
1411 2927 1481 2980 esto

405 3031 475 3094 cius
500 3037 645 3118 apparere.
691 3029 916 3094 Exsciudunto
948 3033 1016 3094 eius
1043 3028 1164 3094 liberos
1193 3043 1226 3094 ct
1254 3028 1383 3094 delento
1413 3033 1482 3094 cius

404 3164 527 3209 nornen
548 3147 584 3208 in
606 3168 694 3232 γενες,
716 3166 797 3222 una;
833 3143 1046 3209 recordantor
1068 3146 1191 3232 pcccati
1215 3146 1284 3208 cius
1305 3157 1482 3231 parentum

405 3276 518 3321 coram
540 3256 673 3322 domino
698 3258 974 3345 omnitempore,
997 3279 1080 3322 neve
1103 3259 1334 3344 exstinguunto
1354 3283 1482 3342 ereptae

405 3372 475 3434 eius
497 3374 627 3448 matris;
659 3370 872 3457 disperdunto
901 3375 969 3437 eius
996 3373 1191 3436 memoriam
1220 3395 1240 3436 a
1266 3383 1369 3448 terra,
1398 3393 1480 3457 quo·
1514 3395 1539 3436 n

403 3484 495 3546 niam
517 3504 586 3546 non
613 3482 805 3548 recordatus
835 3497 886 3549 est
913 3483 1020 3549 facere
1048 3484 1321 3561 misericordiam,
1352 3498 1386 3550 et
1406 3507 1480 3572 per·

404 3606 535 3658 secutus
566 3608 616 3659 est
642 3596 809 3660 hominem
837 3619 1017 3684 pauperem
1046 3613 1079 3664 et
1106 3601 1279 3676 irrisorum,
1317 3609 1350 3664 et
1383 3595 1481 3687 ιδὶωξι

406 3704 572 3772 dolentem
596 3707 639 3772 ad
660 3709 921 3775 interficiendum
944 3732 1029 3776 eum.
1074 3712 1196 3778 Dilexit
1223 3715 1420 3790 convicium,
1448 3725 1481 3778 et

405 3823 516 3888 veniet
538 3825 583 3902 ei;
613 3823 720 3889 noluit
742 3823 1019 3904 benedictionem,
1043 3830 1104 3892 erit
1125 3837 1254 3892 remota
1277 3825 1317 3890 ab
1342 3849 1397 3903 eo;
1431 3829 1480 3890 in·

406 3933 479 4002 duit
506 3939 689 4004 convicium
719 3941 802 4003 sicut
828 3941 986 4017 tunicam,
1018 3952 1051 4006 et
1077 3943 1213 4006 intravit
1238 3943 1274 4005 in
1303 3943 1372 4005 eius
1398 3943 1480 4006 inte·
1511 3965 1537 4006 a

404 4052 494 4116 riora
516 4054 599 4118 sicut
621 4075 723 4140 aqua,
754 4051 818 4119 fuit
841 4057 925 4118 sieut
947 4053 1058 4119 oleum
1079 4057 1114 4118 in
1137 4057 1206 4120 eius
1237 4053 1380 4131 ossibus,
1410 4067 1481 4120 esto

489 4196 540 4255 12.
562 4221 681 4274 αγαπης
701 4201 797 4274 (meae
818 4223 937 4277 αγαπης
957 4199 1008 4278 P.)
1049 4197 1100 4258 24.
1123 4199 1362 4280 omnitempore
1386 4197 1483 4278 (dele-

404 4303 494 4354 antur
513 4315 602 4358 vocee
624 4298 730 4373 „omni
744 4300 900 4379 tempore''
914 4300 964 4377 P.)
1006 4299 1057 4362 25.
1081 4299 1145 4362 eius
1167 4300 1268 4362 matris
1290 4298 1368 4380 (add.
1391 4311 1483 4361 sunto

407 4412 506 4454 coram
526 4392 649 4457 domino
670 4397 752 4459 omni
772 4410 909 4480 tempore
928 4398 980 4479 P.)
