3254 5340
831 454 873 536 J
940 458 1009 526 138

434 645 498 710 toti
521 655 555 708 ct
577 641 662 706 curis
692 637 858 716 omnibus,
893 616 977 725 quse
1003 641 1038 704 in
1061 659 1111 705 eo.
1155 637 1295 727 Propter
1321 637 1386 705 hoc
1413 641 1513 728 igitur

436 757 502 822 dixi
523 755 618 821 vobis
643 755 734 820 olim:
757 757 991 841 unusquisque,
1017 756 1072 840 qui
1097 753 1157 818 sub
1182 756 1276 830 curis,
1300 767 1333 818 et
1355 753 1512 820 laborans

436 872 498 938 sub
526 894 639 936 earum
667 893 781 946 onere,
811 872 918 934 venite
947 868 989 933 ad
1017 891 1085 945 me,
1116 868 1202 933 dabo
1231 871 1379 954 requiem
1407 868 1512 943 vobis,

438 986 528 1073 quod
558 986 629 1050 leve
661 999 710 1050 cst
740 1007 849 1048 meum
884 1006 966 1048 onus
998 996 1031 1048 ct
1060 985 1139 1046 mito
1170 996 1220 1046 est
1248 1005 1360 1047 meum
1387 986 1512 1070 iugum.

414 1101 528 1166 liunt
561 1102 660 1186 igitur
689 1111 879 1184 accepturus
914 1123 1069 1178 μυστηριον
1101 1097 1183 1161 illud
1214 1123 1379 1163 etormet
1405 1124 1512 1184 κισμῳ
1546 1121 1556 1158 ι

435 1217 498 1278 toti
522 1227 554 1278 ct
577 1215 662 1276 curis
685 1215 760 1284 ὑλης
782 1214 893 1288 totius,
918 1235 1002 1298 quae
1025 1213 1059 1275 in
1082 1233 1131 1275 eo.
1168 1211 1309 1299 Propter
1331 1212 1393 1276 hoc
1415 1214 1513 1298 igiun·

437 1354 484 1393 cuv
507 1328 572 1390 mei
593 1325 727 1404 μαθηται
749 1346 791 1388 ne
814 1338 927 1397 λυπητε
952 1329 1136 1414 opinatum,
1163 1351 1320 1406 μυπκριιν
1346 1325 1429 1389 illud
1452 1347 1512 1390 vos

435 1463 503 1506 non
526 1465 640 1510 νιησειν.
673 1442 770 1520 Ἀμην
794 1437 865 1503 dico
881 1439 985 1514 vobis,
1009 1466 1164 1523 μυστηριιν
1179 1439 1262 1506 illud
1278 1442 1431 1504 convenit
1445 1467 1512 1505 ιιειι

435 1558 538 1642 magis
562 1576 663 1641 quem
686 1579 835 1634 μυιτηριιι
852 1556 970 1629 omnia,
995 1567 1028 1617 et
1043 1558 1123 1630 eipso
1140 1553 1212 1618 dico
1227 1553 1332 1631 vobis,
1354 1581 1513 1636 μυστηριιι

435 1669 517 1734 illud
540 1683 687 1732 vestrum
710 1681 759 1732 est
782 1680 816 1732 et
837 1670 1092 1753 uniuscuiusque
1109 1665 1306 1756 απιταξιντις
1319 1694 1427 1754 semp
1449 1672 1512 1732 toti
1536 1691 1558 1730 ιι

438 1789 553 1875 etnitp
577 1786 676 1858 omni,
699 1805 783 1868 quae
806 1785 840 1845 in
863 1804 912 1847 eo.
957 1783 1051 1846 Nunc
1072 1785 1170 1869 igitur
1193 1783 1303 1848 audite
1326 1785 1390 1846 mei
1413 1783 1513 1861 μαθη-

437 1925 487 1964 ται
511 1901 630 1963 etmel
654 1901 732 1962 socii
756 1911 789 1962 et
814 1900 878 1960 mei
906 1897 1041 1973 fratres,
1070 1887 1226 1982 προιρεφω
1249 1917 1307 1963 vos
1337 1897 1379 1962 ad
1403 1901 1513 1984 cogni-

322 2005 398 2078 219
436 2016 560 2078 tionem
575 2039 736 2095 μυστηριιυ
752 2011 936 2076 lnellebilis.
972 2011 1061 2075 Haec
1077 2011 1271 2087 dicovobis;
1296 2011 1386 2098 quod
1403 2015 1515 2098 cogni·

437 2129 561 2191 tionem
584 2153 644 2209 γαρ
669 2148 800 2190 omnem
822 2128 919 2189 venio
943 2124 985 2188 nd
1008 2124 1178 2191 dicendam
1201 2125 1295 2190 vobis
1321 2129 1363 2190 in*
1379 2147 1515 2190 emana-
1603 2147 1604 2168 ι

437 2241 526 2304 tione
560 2241 717 2314 universi,
764 2238 854 2323 quod
888 2243 1051 2305 emanatio
1085 2266 1145 2327 γαρ
1180 2243 1324 2308 universi
1358 2252 1409 2304 est
1443 2245 1514 2306 eius
1538 2262 1557 2301 ιι
1603 2269 1604 2332 p

438 2353 587 2439 cognitio.
633 2360 728 2419 Anne
751 2373 837 2414 nunc
860 2355 958 2438 igitur
985 2354 1108 2428 audite,
1138 2354 1257 2440 loquar
1278 2353 1452 2419 vobiscum
1482 2359 1517 2420 in

436 2493 566 2554 πρικιπῃ
591 2465 631 2530 dc
655 2467 838 2551 cognitione
860 2493 1021 2554 μυστηριιυ
1036 2468 1131 2543 illius,
1155 2468 1245 2554 quod
1259 2495 1417 2553 μυιτηριιν
1431 2469 1516 2534 illud

438 2583 617 2667 cognoscit,
646 2593 847 2666 quapropter
875 2595 1045 2650 σκυλλιυσι
1074 2605 1107 2648 se
1136 2586 1280 2670 quinque
1306 2611 1515 2664 saponem,

437 2708 470 2759 et
500 2706 701 2780 quapropter
734 2693 874 2772 πριηλθιν
905 2717 946 2759 ex
975 2721 1147 2781 απατιρωνς
1183 2711 1217 2762 et
1244 2725 1402 2782 μυστηριιν
1432 2699 1517 2764 illud
1603 2727 1604 2736 ¹

438 2810 617 2894 cognoscit,
648 2821 850 2895 quapropter
873 2823 1001 2878 σκυλλιι
1031 2833 1065 2876 se
1093 2835 1248 2898 magnum
1275 2812 1385 2876 lumen
1415 2814 1514 2878 lumi·
1536 2832 1558 2871 Ι

435 2947 531 3000 ιιιιιιι,
561 2935 594 2988 et
625 2937 825 3010 quapropter
854 2922 994 3008 προηλθιν
1024 2947 1064 2989 ex
1092 2950 1262 3010 απιτορωνς
1292 2941 1326 2990 et
1353 2953 1515 3010 μυστηριιι

437 3038 518 3103 illud
542 3040 721 3124 cognoscit,
754 3052 953 3125 quapropter
976 3053 1104 3105 σκυλλιι
1127 3063 1161 3104 se
1183 3043 1327 3128 primum
1349 3053 1514 3127 statutum

438 3166 470 3216 et
493 3164 695 3238 quapropter
718 3150 892 3216 discissum=
914 3156 956 3216 sit
983 3155 1017 3216 in
1046 3168 1171 3242 septem
1194 3181 1345 3239 μυστηριιι
1373 3169 1407 3220 et
1431 3180 1514 3244 qua·

436 3279 573 3353 propter
596 3268 700 3342 etiam
730 3266 895 3352 appellent
923 3266 956 3330 id
986 3270 1130 3354 primum
1160 3283 1336 3346 statutum,
1367 3284 1400 3335 et
1431 3295 1513 3358 qus·

435 3392 573 3466 propter
595 3379 734 3461 spontin
758 3403 799 3444 ex
822 3405 986 3466 απατορωνς
1010 3395 1043 3445 et
1064 3409 1220 3466 μυστηριιν
1235 3383 1316 3449 illud
1336 3390 1513 3471 cognoscit,
1535 3404 1556 3444 π

437 3504 639 3576 quapropter
661 3505 789 3557 σκυλλει
813 3517 847 3557 se
870 3517 1027 3581 magnum
1049 3495 1160 3562 lumen
1186 3525 1356 3583 χιιριιγμηι
1378 3498 1513 3565 luminis

437 3614 470 3666 et
493 3616 693 3688 quapropter
717 3608 866 3669 steterint
892 3611 960 3672 sine
990 3611 1123 3701 προβιλῃ
1152 3624 1185 3674 et
1212 3626 1415 3700 quapropter
1442 3641 1513 3698 πρι-

435 3713 522 3790 stilo
545 3737 585 3780 ex
601 3739 769 3796 ωπατιρωνς
793 3730 826 3782 et
839 3735 996 3807 pompeo
1011 3723 1094 3790 illud
1112 3729 1286 3812 cognoscit,
1310 3742 1513 3816 quapropter

436 3844 564 3898 σκυλλει
588 3853 621 3895 se
644 3833 788 3919 primum
810 3861 982 3922 μυιτηριιν,
1017 3839 1107 3924 quod
1132 3839 1221 3904 idem
1249 3854 1299 3906 est
1319 3845 1513 3908 vicesimum

434 4009 644 4082 (απιτατσεται
667 4006 714 4082 P.)
771 4003 798 4064 4.
823 4007 887 4068 leve
909 4009 985 4085 (add.
1009 4035 1066 4095 γαρ
1089 4011 1136 4086 P.)
1187 4009 1217 4071 5.
1239 3997 1397 4072 αιτοταστει
1420 4017 1510 4092 (απο-

433 4129 572 4164 ramus
595 4107 643 4182 Ρ.)
705 4105 733 4165 6.
763 4119 793 4167 et
814 4109 892 4168 curis
915 4115 1015 4189 (etque
1038 4112 1124 4170 etiem
1147 4133 1234 4172 curae
1256 4115 1304 4188 P.)
1360 4116 1409 4174 10.
1436 4141 1510 4174 απο-

434 4199 572 4284 suffossos
593 4203 821 4288 (αποταξοιιενου
844 4209 893 4286 Ρ.)
950 4209 998 4269 18.
1019 4221 1175 4272 euoenon:
1199 4223 1332 4290 (ετκυλιν
1354 4215 1402 4292 Ρ.)
1457 4217 1510 4276 ΡΟ.

434 4311 551 4360 onolton
572 4307 690 4380 (εσκυλε
712 4309 758 4384 Ρ.)
814 4308 863 4368 22.
890 4320 1007 4370 σκυλλει
1032 4314 1151 4389 (truste
1177 4314 1225 4392 Ρ.)
1280 4312 1331 4374 Ρ4.
1356 4315 1511 4395 appellent

434 4401 640 4481 (spoliaverint
653 4405 703 4485 P.)
728 4405 778 4468 ⁸25.
792 4419 909 4470 exulem
923 4417 1040 4490 (ισκυλε
1054 4413 1102 4493 Ρ.)
1133 4413 1184 4475 29.
1199 4423 1317 4475 σκυὶῶιι
1329 4419 1448 4496 (senone
1458 4416 1510 4493 Ρ.)
