3240 5328
646 491 711 556 221

142 681 278 735 caveant
300 666 360 732 sihi
383 690 404 732 a
427 667 582 734 doctrinis
605 679 731 744 sterne.
774 667 868 734 Nunc
890 671 988 758 igitur
1011 697 1059 737 ror
1080 685 1218 759 propter
1255 672 1331 747 354

139 794 329 870 peccatores
356 794 499 848 σκυλλων
520 803 574 846 me
596 784 671 848 veni
698 785 733 846 in
755 809 876 864 κισμιν,
900 797 940 849 ut
962 807 1127 850 servarem
1151 808 1217 863 eos,

140 910 318 984 propterea
346 893 436 980 quod
465 892 596 966 trasone
624 898 720 972 istos,
751 898 807 982 qui
834 895 924 960 haud
953 897 1100 962 fecerunt
1124 899 1217 984 quid·

142 1030 242 1092 quam
263 1008 342 1071 mali
365 1029 520 1094 unquam,
545 1020 578 1071 et
601 1011 657 1093 qui
679 1007 769 1072 haud
792 1012 1026 1074 commiserunt
1045 1026 1217 1099 peccatum

90 1143 103 1182 s
143 1123 292 1196 omnino,
329 1133 463 1207 oportet
494 1123 639 1185 invenire
668 1147 833 1207 pompm,
866 1146 950 1209 quae
979 1127 1014 1188 in
1040 1124 1124 1189 libro
1154 1125 1212 1190 leri

141 1257 225 1322 quae
250 1237 377 1310 curavi,
400 1247 440 1298 ut
459 1233 576 1299 Enoch
599 1233 755 1298 scriberet
776 1237 810 1296 in
832 1234 1017 1323 repodorp,
1042 1260 1144 1324 quum
1167 1239 1216 1303 lo·
1252 1261 1271 1324 p

141 1369 258 1434 qucrer
282 1369 355 1411 cum
380 1369 419 1411 eo
443 1369 484 1412 ex
507 1345 624 1412 arbore
648 1349 840 1433 cognitionis
864 1361 897 1413 et
920 1371 959 1414 ex
982 1349 1099 1416 arbore
1119 1354 1216 1428 vitae,

141 1473 175 1524 et
203 1482 287 1546 quae
317 1462 444 1536 curavi,
474 1474 513 1524 ut
541 1474 680 1548 poneret
706 1463 741 1523 in
770 1485 863 1547 respo
885 1460 1028 1540 harad,
1060 1478 1092 1528 et
1119 1467 1216 1551 posui

139 1572 414 1659 Καλατιιταυρωθ,
435 1600 584 1659 remorto,
608 1577 664 1659 qui
688 1593 786 1660 super
810 1573 995 1652 Skemmut‚
1018 1578 1054 1638 in
1077 1597 1143 1660 quo
1166 1590 1217 1641 est

4 1727 5 1730 =
89 1711 114 1752 ro
141 1709 199 1775 pes
222 1685 288 1763 leri,
318 1701 351 1752 et
378 1689 439 1752 istc
466 1685 646 1751 circumdat
676 1712 784 1758 ιιιωνιις
814 1709 927 1752 omnes
958 1700 991 1752 et
1020 1686 1215 1774 ιῖμιιρμινιις;

141 1825 277 1887 αρχιιτιι
305 1800 398 1864 illum
427 1803 523 1888 posui
558 1799 796 1866 custodientem
829 1800 931 1865 libros
960 1801 1018 1866 leri
1048 1800 1088 1866 dc
1117 1829 1216 1868 reore-

139 1928 289 2001 κλυσμῳ,
326 1927 359 1978 et
387 1936 428 1978 ne
459 1917 632 2000 quisquam
663 1941 815 2002 αρχοντων
840 1913 989 2003 φθινησιις
1023 1918 1061 1980 iis
1098 1915 1217 2002 perdat

140 2049 207 2104 eos,
233 2050 316 2114 quos
333 2027 419 2092 dabo
435 2027 540 2104 vobis,
562 2027 619 2091 ubi
641 2029 709 2092 iam
728 2027 840 2092 dixero
855 2027 951 2093 vobis
974 2033 1215 2096 emanationem

139 2144 294 2206 universi.
331 2142 421 2206 Haec
443 2144 541 2228 igitur
557 2163 659 2227 quum
681 2142 810 2206 locutus
835 2155 920 2207 esset
941 2169 1048 2228 σωτηρ,
1077 2165 1214 2231 respon·

1253 957 1276 1008 *s

1 2288 5 2323 r
88 2279 113 2320 rs
143 2253 222 2320 dens
245 2255 348 2319 Maria
371 2254 464 2318 dixit:
496 2257 542 2318 mi
565 2254 712 2332 domine,
744 2258 815 2341 quis
843 2257 941 2343 igitur
964 2257 1017 2323 vel
1041 2271 1090 2323 est
1112 2259 1212 2324 homo

138 2371 173 2431 in
194 2393 318 2453 κισμῳ,
351 2371 406 2453 qui
434 2367 523 2432 haud
552 2372 749 2434 commiserit
776 2383 948 2456 peccatum
978 2375 1126 2448 omnino,
1158 2375 1215 2458 qui

136 2484 261 2567 integer
285 2484 326 2544 sit
348 2507 494 2566 ιινιμιιιις,
519 2480 636 2566 quodsi
658 2508 718 2568 γαρ
741 2485 865 2568 integer
887 2483 987 2547 fuerit
1009 2484 1102 2558 alius,
1124 2483 1215 2548 haud

136 2596 262 2681 integer
286 2597 348 2658 erit
369 2595 515 2672 alterius,
545 2607 584 2659 ut
604 2598 749 2660 inveniet
770 2622 936 2683 pompos,
959 2618 1043 2683 quae
1066 2599 1101 2659 in
1123 2595 1213 2661 libris

137 2706 211 2784 leir3
241 2705 312 2772 dico
335 2735 410 2793 γαρ,
440 2709 568 2772 ηιιΙΙιιιιι
590 2708 756 2773 hominem
784 2712 818 2772 in
839 2737 946 2797 κοσμῳ
970 2711 1120 2776 futurum
1144 2733 1213 2775 esse

84 2845 112 2887 ro
138 2823 300 2906 integrum
328 2824 467 2909 peccati,
499 2818 616 2906 quodsi
639 2845 699 2904 γαρ
722 2823 846 2906 integer
875 2822 975 2886 inerit
997 2825 1093 2901 alius,
1124 2823 1215 2888 haud

139 2937 200 2998 erit
221 2937 345 3021 integer
370 2935 511 2999 alterius.
542 2931 756 3019 Respondeas
775 2958 868 3019 rornp
885 2934 966 2998 dixit
980 2935 1116 2999 Mariae:
1140 2935 1212 2999 dico

136 3047 230 3114 vohis
253 3062 442 3136 reperturos
471 3068 540 3112 esse
562 3069 667 3111 unum
695 3049 730 3110 in
759 3047 846 3111 mille
877 3061 910 3112 et
933 3047 1016 3112 duos
1043 3046 1212 3112 indecem
1278 3055 1295 3104 i

135 3163 279 3228 millibus
302 3175 437 3250 propter
467 3163 782 3226 consummationem
811 3187 974 3246 μυστηριιυ
1004 3163 1102 3248 primi
1130 3187 1212 3244 μυσ·
1251 3157 1326 3232 355

134 3303 240 3361 rupino.
285 3276 374 3340 Haec
398 3275 503 3339 dicam
529 3274 638 3350 vobis,
674 3297 777 3360 quum
806 3278 872 3338 iam
903 3273 1087 3361 explicuero
1118 3273 1212 3340 vobis

82 3413 109 3455 rs
135 3392 335 3454 universum.
380 3388 519 3477 Propter
540 3388 603 3452 hoc
629 3391 727 3474 igitur
750 3401 892 3454 αυλλων
917 3409 971 3452 me
1007 3387 1101 3452 attuli
1130 3413 1212 3471 peor-

134 3529 218 3590 τηριιι
240 3505 275 3566 in
297 3529 418 3588 κισμιν,
450 3501 540 3588 quod
569 3515 646 3565 sunt
673 3523 785 3566 omnes
810 3501 870 3566 sub
893 3514 1043 3589 peccato,
1074 3515 1107 3566 et
1128 3501 1211 3566 indi·

134 3629 212 3703 gent
245 3639 358 3682 omnes
389 3615 496 3702 deoperte
519 3641 691 3702 μυστιριου.
743 3617 957 3704 Respondeas
991 3615 1093 3682 Maria
1131 3615 1212 3681 dixit

134 3753 252 3811 σωτηριι
282 3733 328 3793 mi
352 3731 499 3806 domine,
531 3743 709 3818 antequam
735 3734 854 3798 venisti
881 3734 915 3795 in
944 3756 1030 3794 rsrco
1051 3755 1211 3812 αρχοντων,

136 3851 170 3902 et
192 3853 369 3925 antequam
391 3845 508 3904 venisti
534 3846 569 3904 in
590 3867 716 3925 ereptor,
746 3844 837 3905 nulla
858 3841 954 3928 dom
983 3843 1072 3904 venit
1096 3838 1138 3902 ad
1160 3840 1211 3902 lu-

82 3975 110 4016 oo
135 3950 234 4014 men?
285 3949 499 4036 Respondens
529 3976 620 4038 σωτηρ
645 3950 725 4014 dixit
750 3951 885 4015 Mariae:
914 3953 1005 4032 ιὶμην,
1034 3953 1115 4035 ἀμην
1138 3949 1210 4016 dico

135 4063 245 4130 vobis:
278 4076 456 4150 antequem
480 4064 552 4130 veni
580 4067 615 4128 in
637 4089 758 4150 corpor,
789 4063 880 4129 nulla
907 4060 1003 4152 ψυχη
1030 4065 1156 4129 introiit
1177 4067 1211 4130 in

215 4305 246 4366 5.
270 4305 300 4366 in
323 4303 401 4366 libro
415 4339 449 4352 -
465 4325 538 4385 quae
559 4305 605 4382 (in
627 4303 711 4366 libris
727 4337 759 4354 -
777 4326 852 4387 quot
874 4306 923 4385 Ρ.)
973 4305 1002 4366 8.
1024 4326 1098 4388 qnae
1118 4307 1209 4389 (quos

132 4405 183 4484 P.)
239 4403 289 4466 27.
309 4427 461 4492 μυστηριου
483 4409 652 4492 (coemptor
672 4405 723 4483 P.)
