3254 5340
133 647 177 716 ad
197 675 286 716 τοπον
303 671 418 734 μω,
448 644 600 714 ridebitis
623 647 775 736 gloriam,
804 650 839 716 in
862 671 930 739 qna
950 665 1044 732 sunt,
1066 652 1213 723 desimus

132 767 249 830 tertius
272 790 343 830 uns
366 761 539 850 putabitur
562 783 674 829 eoram
695 763 790 829 vobis
819 767 903 830 sieut
930 767 1033 854 caligo
1059 769 1211 836 tenebra·

132 901 224 955 rum,
249 891 350 964 atque
374 879 474 942 etiam
495 879 699 965 prospicietis
722 881 757 942 in
772 877 945 945 duodecim
968 909 1089 961 armoe,
1111 897 1213 971 atque

134 992 295 1078 ιῖμωρμενη
318 994 436 1068 omnis,
459 1005 493 1056 et
514 1017 659 1072 κοσμησις
682 995 798 1068 omnis,
821 1007 920 1080 atque
943 1007 1074 1082 spelpes
1097 1020 1210 1064 omnes
1251 985 1323 1062 186

90 1127 107 1166 a
136 1121 169 1174 et
191 1129 270 1171 auae
292 1103 392 1194 τιξιις
414 1127 545 1182 omnes,
566 1108 601 1170 in
624 1104 743 1191 quibus
766 1121 858 1184 sunt,
882 1121 979 1174 ernnt
1000 1113 1104 1178 instar
1119 1113 1211 1198 grani

132 1221 278 1310 pulveris
307 1243 418 1284 coram
441 1219 535 1285 vobis
563 1241 642 1308 prae
670 1241 789 1307 magna
816 1221 985 1300 distantia,
1017 1246 1083 1310 qua
1110 1223 1213 1290 distat

134 1335 214 1422 (soil
228 1333 326 1418 rnre)
350 1333 392 1398 ab
415 1356 466 1410 eo,
490 1345 524 1398 et
545 1347 665 1420 magna
688 1338 802 1422 speeie,
827 1358 893 1421 qua
916 1351 966 1402 eet
982 1337 1079 1402 valde
1102 1341 1211 1405 maior

133 1449 209 1524 illo;
233 1461 266 1512 et
288 1469 390 1533 quum
413 1447 538 1514 duxero
562 1471 623 1514 vos
644 1447 687 1512 ad
708 1473 793 1514 τοπον
808 1449 929 1514 horum
946 1453 1003 1537 qui
1023 1451 1209 1539 (pertinent)

135 1561 179 1626 ad
203 1561 360 1638 dextram,
381 1560 531 1626 videbitis
555 1562 701 1649 gloriam,
725 1565 760 1626 in
783 1585 849 1648 qna
864 1577 950 1640 sunt,
972 1589 1059 1634 ronne
1078 1565 1210 1643 horum,

78 1697 107 1738 re
134 1679 192 1763 qui
222 1673 407 1763 (pertinent)
441 1675 484 1740 ad
512 1701 621 1761 paror,
655 1675 827 1764 putabitur
861 1699 972 1742 coram
1001 1677 1096 1744 vobio
1126 1681 1212 1744 siout

132 1814 216 1868 nox,
246 1812 332 1878 quae
358 1791 393 1854 in
415 1816 523 1876 κοσμῳ
547 1794 671 1877 generis
699 1791 851 1868 htnnani,
880 1805 913 1856 et
941 1813 1044 1878 quum
1065 1813 1213 1889 'prospe-

131 1907 244 1970 xeritis
266 1907 301 1968 in
322 1929 423 1986 μισον,
457 1918 528 1970 erat
553 1907 657 1969 instar
685 1907 776 1992 grani
802 1905 948 1994 pulverio
975 1927 1087 1970 eoram
1113 1904 1210 1972 vobis

132 2039 215 2107 prae
237 2041 356 2104 magna
379 2017 549 2094 distantia,
577 2041 644 2105 qna
665 2044 753 2090 aanor
780 2019 912 2096 horum,
942 2023 999 2105 qui
1021 2019 1208 2108 (pertinent)

135 2132 179 2196 ad
209 2129 358 2196 dextram
385 2129 485 2196 distat
514 2131 555 2196 ab
586 2155 625 2198 eo
648 2133 760 2211 valde3
800 2147 833 2198 et
861 2156 965 2221 quum
994 2133 1118 2199 duxero
1146 2155 1208 2199 vos

79 2267 108 2308 rs
136 2246 180 2310 ad
203 2259 323 2310 terram
345 2246 491 2323 laminis,
514 2261 664 2334 quaeest
685 2247 827 2333 θησαυρος
847 2248 994 2326 luminis,
1015 2261 1054 2312 ut
1069 2246 1209 2313 videatis

134 2361 289 2449 gloriam,
316 2363 350 2424 in
373 2383 440 2446 qna
462 2373 555 2438 sunt,
588 2387 675 2434 τοπος
703 2363 837 2440 horum,
869 2365 925 2449 qui
953 2362 1140 2450 (pertinent)
1164 2360 1208 2426 ad

133 2475 282 2540 dextram
312 2474 483 2563 putabitur
517 2496 630 2540 eoram
662 2476 757 2541 vobis
788 2480 871 2542 sient
906 2476 964 2542 lux
997 2475 1145 2542 meridiei
1172 2477 1211 2540 in

132 2615 240 2674 κοσμῳ
264 2593 388 2676 generis
412 2589 561 2666 humani,
588 2590 658 2655 sole
678 2590 768 2655 haud
790 2593 1021 2680 prospiciente,
1048 2604 1081 2655 et
1104 2610 1208 2676 quum

133 2705 243 2766 intuiti
266 2703 391 2767 fueritis
413 2706 448 2767 in
462 2727 551 2769 rerer
563 2704 696 2781 borum,
714 2709 769 2791 qui
787 2704 973 2792 (pertinent)
990 2703 1032 2770 ad
1048 2703 1207 2781 dextram,

77 2837 108 2880 n
136 2821 199 2882 erit
219 2819 321 2880 instar
349 2820 440 2903 grani
469 2817 613 2905 pulveris
643 2841 755 2883 eoram
784 2817 878 2883 vobis
906 2840 986 2904 prae
1015 2841 1136 2906 magna
1159 2818 1206 2884 di·

135 2933 269 3007 stantia,
293 2952 359 3016 qua
382 2930 481 2995 distat
502 2931 544 2996 ab
561 2954 600 2997 eo
615 2933 711 2998 valde
727 2931 869 3015 θησαυρος
884 2931 1031 3010 luminis3
1055 2945 1088 2996 et
1103 2953 1210 3016 quum

135 3045 259 3110 duxero
287 3066 348 3110 vos
374 3048 408 3109 in
437 3072 524 3111 τοπον
543 3061 739 3128 stuperatem
762 3045 895 3122 horum,
926 3047 983 3130 qui
1012 3057 1209 3131 aeceperunt

132 3185 284 3245 μυστηριοι
317 3159 464 3237 luminis,
499 3174 539 3224 nt
566 3159 704 3224 videatis
730 3159 867 3247 gloriam
895 3158 1041 3235 luminis,
1077 3159 1112 3222 in
1141 3179 1208 3244 qua

135 3286 225 3349 sunt,
252 3287 342 3338 terra
362 3273 494 3338 luorinis
520 3273 691 3362 putabitur
714 3295 825 3338 eoram
846 3272 940 3338 robis
968 3273 1053 3336 sieut
1073 3272 1131 3336 lux
1153 3291 1208 3336 so·

80 3407 109 3448 ao
135 3385 185 3463 lis,
209 3389 268 3472 qni
287 3389 321 3452 in
342 3415 449 3477 κοσμῳ
472 3391 596 3476 generis
618 3388 769 3465 humani,
793 3401 827 3454 et
840 3409 944 3475 quum
956 3388 1065 3451 intuiti
1079 3385 1209 3452 fueritis
1248 3369 1319 3448 187

217 3617 246 3676 1.
268 3637 362 3685 μενων
383 3607 530 3694 (sareanen,x
547 3617 606 3677 nisi
633 3616 710 3679 sorte
739 3617 900 3702 legendnm
920 3617 944 3677 ii
965 3637 1011 3676 ne
1031 3637 1151 3677 rarecoe
1172 3625 1208 3677 nt

133 3737 212 3794 po»,
225 3739 258 3776 a.
282 3727 313 3776 et
334 3735 406 3794 pnr,
420 3739 453 3778 a..
476 3716 496 3776 i.
511 3735 536 3776 e.
560 3736 694 3792 „eornm
714 3721 765 3799 qni
789 3719 942 3800 pertinent
961 3717 997 3778 ad
1017 3717 1127 3788 μισ-ον”
1150 3737 1206 3797 pro

133 3819 321 3874 Rarnecoc
344 3817 393 3894 P.)
449 3817 480 3875 2.
503 3816 633 3878 decimus
655 3820 764 3878 tertios
786 3843 853 3876 αιων
876 3817 1029 3898 putabitur
1049 3816 1208 3894 (tredecim

134 3937 233 3974 αιωνες
254 3914 437 3993 putabuntur
458 3917 509 3992 P.)
551 3916 580 3977 3.
602 3930 689 3998 atque
712 3918 788 3992 (add.
812 3917 942 3992 „etiam”
958 3915 1008 3992 P.)
1049 3912 1078 3972 4.
1103 3925 1133 3973 et
1148 3916 1208 3989 (at-

137 4034 196 4094 que
219 4014 306 4071 etiam
328 4014 377 4090 P.)
393 4051 433 4064 -
454 4029 543 4097 atque
565 4019 643 4093 (add.
667 4017 798 4092 „etim”
821 4017 871 4091 P.)
922 4011 953 4071 7.
975 4022 1006 4072 el
1021 4032 1126 4094 magna
1148 4015 1207 4088 (at-

135 4135 193 4193 que
216 4113 303 4172 etiarn
327 4135 430 4195 magna
452 4117 500 4194 P.)
568 4115 597 4177 8.
621 4117 726 4175 horum
746 4148 780 4162 -
800 4138 886 4185 μεσον
912 4115 1041 4189 (norror.
1067 4109 1103 4172 cl.
1119 4133 1208 4192 supra

133 4213 246 4292 porti.
270 4212 319 4273 tt
336 4213 423 4274 lauin‘s
439 4237 507 4300 pag.
555 4215 605 4276 22.
628 4225 811 4302 utnpovomwv
834 4213 990 4290 (,‚horum‚
1012 4213 1061 4292 qui
1086 4231 1208 4293 accepe-

132 4325 206 4376 runt
218 4316 436 4400 ungeremur?
452 4317 505 4380 sed
526 4317 664 4380 transire
684 4327 755 4378 sont
775 4316 807 4378 in
828 4323 914 4378 textu
927 4311 1017 4377 verba
1030 4333 1112 4376 nenr
1123 4333 1208 4374 am

133 4413 154 4474 i.
169 4435 194 4476 e.
216 4416 291 4496 „qni
311 4417 517 4498 acceperunt”
541 4418 575 4479 P.
