3296 5354
933 437 978 503 26

422 643 521 711 quem
542 623 609 686 iam
632 617 698 684 dixi
720 616 823 682 vohis.
876 616 965 683 Haec
987 619 1085 704 igitur
1107 613 1321 703 perficiebant
1340 636 1492 704 perseve-

420 750 540 813 rantes,
563 747 739 820 antequam
762 753 877 798 corum
900 733 949 798 vis
974 730 1210 796 diminueretur
1231 733 1267 794 in
1288 733 1326 794 iis
1351 743 1383 794 et
1404 729 1494 795 debi-

419 853 569 917 litaretur
593 862 627 914 et
649 871 823 922 cormeum
847 858 881 911 et
901 844 1017 911 fierent
1038 846 1243 932 impotentes.
1282 843 1421 908 Factum
1435 846 1494 930 igi-

420 980 475 1032 tur
498 978 561 1040 est,
593 985 697 1051 quum
718 961 835 1026 fierent
856 962 1052 1047 impotentes
1076 971 1109 1023 et
1130 961 1180 1022 vis
1210 979 1271 1022 sua
1297 961 1496 1028 cessaretin

420 1083 474 1156 iis,
498 1093 531 1146 et
552 1091 592 1142 ut
613 1076 729 1168 fierent
752 1074 871 1140 debiles
894 1077 929 1137 in
951 1095 1012 1138 sua
1027 1075 1078 1149 vi,
1101 1085 1134 1137 et
1155 1084 1194 1136 ut
1217 1085 1358 1136 cessaret
1372 1072 1493 1148 lumen,
1523 1095 1537 1134 a

422 1192 514 1280 quod
536 1203 586 1256 est
606 1193 641 1254 in
665 1211 779 1255 eorum
800 1214 895 1275 ιιπῳ,
932 1199 965 1252 et
986 1200 1025 1251 ut
1045 1207 1185 1274 regnum
1212 1208 1310 1250 suum
1337 1185 1494 1250 dissolve-

421 1319 513 1371 retur
535 1317 634 1390 atquc
657 1305 848 1366 universum
874 1301 1067 1366 eveheretur
1090 1303 1154 1365 cito
1181 1339 1217 1349 -
1244 1299 1370 1365 factum
1395 1301 1496 1385 igitur

422 1433 484 1495 est,
508 1440 611 1505 quum
635 1431 828 1504 cognossent
843 1416 922 1480 haec
937 1437 998 1502 pro
1020 1427 1185 1502 tempore,
1208 1426 1242 1480 ct
1263 1437 1367 1501 quum
1386 1412 1493 1477 seems

421 1545 507 1599 esset
529 1529 649 1618 αριθμιι
665 1529 778 1619 dapne
793 1527 1030 1605 Melchisedeci,
1052 1536 1320 1616 πιριιλημπτιρις,
1342 1526 1496 1593 veniebat

419 1652 553 1724 iterum,
581 1647 620 1711 ut
641 1648 778 1710 intraret
805 1647 840 1708 in
866 1644 1012 1732 medium
1040 1667 1190 1729 αρχιιτων
1209 1667 1317 1708 cruror
1346 1645 1494 1706 omnium
1521 1665 1545 1706 ιι

423 1774 456 1826 et
476 1765 510 1826 in
532 1760 678 1825 medium
700 1784 851 1845 ιρχιιτων
874 1760 1022 1822 omnium
1044 1755 1220 1842 ιῖμιιρμειης
1241 1769 1341 1842 atque
1360 1765 1496 1843 σφιιριιι

423 1889 457 1940 et
492 1874 641 1940 turbavit
682 1897 737 1939 eos
769 1872 812 1938 ad
845 1870 1059 1938 remittendos
1096 1893 1212 1936 eorum
1247 1883 1378 1942 κυκλιυς
1413 1869 1494 1934 cele-

421 1993 514 2067 riter,
533 2027 569 2040 —
598 2003 632 2053 et
657 1989 742 2052 illico
774 1985 925 2066 θλιβιυιι,
956 1999 994 2050 ut
1023 1988 1175 2050 elicerent
1202 1987 1273 2049 vim
1302 2006 1342 2049 ex
1372 2005 1420 2060 se,
1455 2005 1497 2048 ex

321 2087 369 2164 37
422 2103 527 2166 halitu
550 2105 600 2168 sui
624 2104 706 2177 oris,
738 2115 834 2167 etex
859 2101 1000 2166 lacrimis
1028 2121 1166 2178 suorum
1194 2099 1366 2164 oculorum
1394 2111 1427 2162 et
1455 2118 1496 2162 ex

423 2214 543 2282 sudore
574 2237 711 2280 suorum
740 2240 898 2297 σωματων.
949 2214 995 2280 Et
1027 2216 1182 2301 purgavit
1216 2235 1256 2278 ea
1283 2210 1495 2278 Melchisedec
1520 2235 1545 2276 ιι

422 2341 652 2414 repensando
674 2328 804 2392 luminis
827 2353 910 2394 aava
931 2326 1084 2405 modum,
1114 2323 1213 2414 quem
1240 2326 1317 2392 fecit
1342 2348 1494 2414 perseve-

423 2465 515 2520 rans,
550 2454 584 2507 et
611 2440 738 2507 ferebat
766 2463 882 2506 eorum
908 2441 1020 2506 lumen
1049 2444 1085 2505 in
1113 2441 1253 2524 θησαυριν
1281 2441 1427 2516 luminis,
1461 2451 1496 2504 et

421 2560 496 2632 rinno
518 2556 616 2621 faecis
639 2558 710 2643 (aut
733 2556 864 2640 erroris)
888 2577 1004 2622 eorum
1026 2581 1169 2639 αρχοντες
1192 2577 1305 2620 omnes
1333 2580 1439 2621 ιιιωνωι
1463 2565 1496 2618 et

423 2695 565 2756 αρχοντες
583 2669 759 2756 εἷμωρμειης
783 2684 816 2734 et
842 2678 977 2758 σφαιριις
1005 2668 1262 2747 circumdedere,
1291 2681 1330 2733 ut
1357 2667 1495 2734 devora·

421 2797 496 2849 rent
526 2805 614 2859 earn,
648 2796 681 2848 et
713 2781 803 2848 haud
834 2786 981 2850 siverunt
1009 2786 1070 2859 ire,
1104 2797 1143 2848 ut
1171 2784 1289 2849 fierent
1318 2780 1432 2869 ψιχιιι
1460 2784 1495 2845 in
1522 2805 1546 2846 ιι
1623 2849 1624 2886 ,

423 2921 544 2985 κισμῳς
569 2896 770 2964 devorarunt
791 2901 889 2985 igitur
911 2899 1044 2962 illorum
1065 2900 1155 2974 ὑλην,
1178 2910 1217 2962 ut
1239 2919 1281 2962 nc
1303 2895 1420 2961 fierent
1433 2898 1494 2961 im·
1623 2887 1624 2938 l

422 3025 587 3101 potentes,
622 3015 678 3100 (sc.
699 3013 755 3099 μη)
780 3039 931 3088 crosone,
960 3025 1059 3098 atque
1081 3014 1132 3078 vis
1156 3033 1216 3076 sua
1239 3025 1379 3076 cessaret
1400 3013 1435 3074 in
1456 3012 1495 3076 iis
1623 3011 1624 3016 ’

423 3139 457 3192 et
477 3149 616 3214 regnum
638 3149 736 3191 suum
758 3125 1006 3205 dissolveretur3
1035 3124 1093 3190 sed
1115 3123 1318 3190 devorarunt
1341 3147 1430 3202 eam,
1457 3137 1497 3188 ut

422 3261 464 3305 ne
487 3241 757 3316 dissolverentur,
793 3240 851 3306 sed
881 3244 997 3322 (ιλλιι)
1026 3253 1250 3316 morarentur,
1280 3253 1320 3303 ut
1351 3238 1498 3303 facerent

422 3353 558 3440 longum
592 3367 722 3442 tempus
759 3355 791 3440 (i.
814 3376 841 3419 e.
870 3353 1011 3439 moram)
1042 3354 1118 3419 huic
1146 3353 1340 3442 perfectioni
1370 3351 1493 3438 αριθμιυ
1521 3375 1548 3416 ιι

421 3465 539 3553 *loxos
557 3479 682 3543 τιλιιωι,
715 3489 798 3552 quae
822 3481 918 3532 erunt
939 3471 975 3531 in
1003 3467 1139 3556 θησαυρῳ
1165 3468 1306 3532 luminis.
1357 3467 1496 3532 Factum

421 3581 607 3663 igiturest,
635 3600 739 3665 quum
762 3605 904 3664 αρχοντες
922 3607 1029 3648 osuven·
1052 3595 1086 3648 et
1108 3581 1283 3668 ιῖμιιρμινης
1306 3594 1339 3647 et
1360 3591 1497 3671 σφιιρας

422 3706 671 3779 perseverarent
699 3692 854 3757 facientes
882 3693 969 3758 hunc
996 3721 1095 3773 τυπον,
1130 3709 1355 3762 convertentes
1383 3709 1494 3780 semet,

424 3803 555 3870 edentes
578 3804 703 3871 faecem
725 3809 796 3894 (aut
818 3807 975 3893 errorem)
1003 3831 1081 3874 suae
1109 3812 1197 3886 ὕλης,
1234 3808 1325 3874 haud
1354 3813 1494 3874 sinentes

422 3919 494 3986 fieri
515 3918 626 4010 ψυχην
647 3925 682 3986 in
704 3949 811 4011 κοσμῳ
833 3921 1018 4000 hominum,
1055 3936 1094 3987 ut
1123 3922 1244 3988 diutius
1273 3938 1381 3989 essent
1401 3945 1493 4010 reges
1521 3947 1548 3989 ιι

423 4037 494 4125 (aut
515 4036 710 4125 regnarent),
739 4051 772 4102 et
794 4051 833 4103 ut
855 4051 963 4102 essent
983 4037 1119 4124 longum
1140 4051 1271 4128 tempus
1295 4052 1388 4104 extra
1408 4038 1496 4102 hunc

423 4211 549 4286 σφαιραι
570 4200 619 4277 P.)
701 4201 731 4262 3.
761 4213 792 4263 et
818 4202 924 4264 fierent
945 4202 1010 4282 (aut
1031 4202 1078 4280 P.)
1140 4202 1170 4264 4.
1199 4216 1327 4265 cessaret
1354 4202 1495 4280 (rectiore

421 4297 634 4380 inciperet-
661 4325 734 4385 αρχι
766 4301 784 4362 i.
806 4324 832 4364 e.
861 4299 967 4389 ηρξαιι
993 4325 1170 4368 -cessare
1196 4304 1248 4383 P.)
1309 4301 1339 4365 5.
1368 4314 1497 4366 cessaret

421 4397 499 4480 (edd.
521 4399 654 4480 ipsoram
674 4400 725 4479 P.)
