3254 5340
626 459 689 527 111

127 661 190 709 esse
211 635 363 716 βιηθιιιι,
390 649 431 701 ut
451 635 571 704 liberer
593 659 615 702 a
635 636 751 702 vobis?
787 637 882 702 Nunc
902 641 1002 726 igitur
1022 640 1122 708 iudex
1144 655 1195 710 est

126 755 232 820 iumen
254 765 288 818 et
309 751 396 818 forte
420 764 485 828 est;
522 749 595 818 αλλ’
621 765 672 814 est
692 751 878 838 longanime
905 776 1010 840 usquc
1040 756 1082 820 ad
1111 771 1194 822 tem·

126 891 198 956 pus,
223 865 313 952 quod
337 865 417 930 dixit
439 864 532 928 mibi:
555 867 666 938 venio,
689 878 728 928 ut
749 867 884 941 βιηθησω
906 867 980 944 tibi,
1007 893 1112 956 neque
1137 871 1194 936 ad·

128 981 219 1046 ducet
241 1002 336 1044 suam
359 1007 444 1064 οργηι
467 1000 566 1064 super
588 1001 649 1042 vos
680 981 769 1042 omni
797 991 962 1065 tempore,
994 996 1026 1046 et
1053 985 1114 1046 boc
1145 999 1195 1048 est

88 1120 102 1159 ι
128 1108 266 1180 tempus,
290 1091 381 1178 quod
404 1091 486 1156 dixit
507 1092 595 1154 mibi.
639 1090 732 1155 Nunc
755 1093 862 1176 igitur,
886 1097 912 1157 si
934 1095 1024 1160 baud
1047 1102 1195 1164 conversi

126 1208 247 1274 fueritis
269 1220 359 1271 retro
389 1219 423 1271 et
451 1207 610 1269 cessaritis
642 1208 794 1291 persequi
824 1229 892 1282 me,
922 1207 1035 1272 lumen
1064 1211 1196 1297 parabit

127 1345 217 1388 suam
238 1323 305 1384 vim
329 1332 362 1384 et
383 1318 514 1406 parabit
537 1339 613 1382 suas
635 1321 720 1382 vires
745 1341 874 1396 omnes,
897 1334 929 1384 et
952 1327 1081 1407 paravit
1100 1347 1195 1389 suam

127 1437 206 1510 vim,
234 1445 274 1498 ut
295 1431 422 1498 auferat
442 1445 554 1496 vestra
576 1431 701 1496 lumina
725 1455 744 1496 a
766 1432 860 1497 vobis
884 1448 918 1498 et
940 1439 1028 1500 eritis
1053 1437 1192 1504 obscuri.

125 1548 168 1613 Et
190 1569 265 1612 suas
287 1549 372 1610 vires
394 1549 589 1633 procreavit,
611 1559 651 1608 ut
673 1544 818 1610 auferret
838 1559 984 1612 vestram
1005 1553 1073 1614 vim
1098 1574 1193 1614 avo·

76 1688 102 1730 ro
126 1661 191 1738 bis,
227 1675 266 1726 ut
293 1660 461 1748 pereatis.”
510 1659 600 1724 Haec
623 1658 656 1723 δι
686 1681 789 1744 quum
812 1659 945 1724 dixisset
966 1688 1061 1730 τιστις
1087 1675 1193 1748 rapta,

122 1775 299 1862 adspiciens
328 1777 363 1838 in
391 1801 478 1839 τοπιν
507 1772 672 1848 Adamae‚
708 1771 792 1836 vidit
827 1799 913 1838 τιπιι
951 1774 1125 1840 obscurum
1162 1791 1195 1842 et

124 1890 230 1964 chaus,
254 1909 352 1975 quem
374 1889 570 1976 procreavit,
595 1901 694 1972 atque
716 1886 799 1950 vidit
821 1889 919 1951 etiam
942 1889 1095 1968 τριβιλιις
1112 1889 1193 1956 duas
1235 1881 1306 1957 174

123 2002 288 2078 obscuras,
311 2001 514 2078 durissimas,
538 2023 621 2087 quas
644 2000 812 2084 πριιβιιλιν
833 2000 993 2076 Adamas,
1016 2018 1054 2066 ut
1077 2025 1193 2091 appre-

123 2115 301 2180 henderent
329 2141 422 2180 πιστιι
449 2126 561 2200 rapiar
597 2129 631 2180 et
661 2113 860 2179 deducerent
893 2119 927 2179 in
957 2117 1072 2194 chaos,
1104 2117 1194 2204 quod

72 2255 98 2296 ra
124 2232 323 2319 procreavit,
352 2243 390 2292 ut
416 2229 598 2315 affligerent
620 2249 693 2292 eam
716 2231 750 2292 in
778 2229 835 2293 iilo
858 2256 954 2314 τιπῳ,
985 2245 1018 2294 et
1040 2235 1088 2294 uti
1117 2253 1192 2320 per·

122 2343 293 2408 turbarent
320 2365 406 2420 eam,
441 2365 546 2428 usquc
576 2342 655 2406 dum
685 2341 882 2407 abstulerint
911 2347 980 2408 eius
1009 2345 1121 2410 lumen
1151 2346 1193 2410 ab

121 2481 168 2523 ea.
212 2457 348 2522 Factum
371 2460 470 2544 igitur
493 2469 556 2532 est,
591 2479 695 2543 quum
724 2455 937 2544 sternendus
960 2457 1095 2524 vidisset
1124 2487 1192 2536 πρι-

119 2574 219 2651 βολιις
242 2572 323 2636 duas
351 2570 510 2636 obscuras
539 2571 610 2634 illas
641 2585 740 2658 atque
769 2597 855 2636 τοπιν
886 2570 1079 2649 obscurum,
1111 2595 1192 2658 quas

120 2688 307 2773 procreavit
327 2683 485 2762 Adamas,
514 2688 624 2748 timuit
647 2699 680 2750 et
703 2685 896 2750 exclamavit
918 2684 960 2749 ad
988 2686 1113 2762 lumen,
1144 2687 1192 2751 di·

66 2825 93 2866 a)
122 2821 215 2864 cens:
254 2798 403 2874 „lumem
433 2820 505 2864 ecce
534 2802 637 2862 iratus
666 2811 716 2863 est
736 2797 897 2874 Adamas,
935 2797 1041 2863 iactor
1071 2803 1192 2877 iniusti,

119 2914 307 3001 procreavit
328 2911 475 2994 προβιλην
491 2911 664 2978 obscuram
681 2925 779 2996 atquc
795 2913 893 2974 ctiam
914 2913 1079 2992 πριιβιιλιν
1095 2913 1194 2978 aliam

120 3027 231 3102 chaus,
255 3038 353 3112 atque
375 3030 560 3114 procreavit
583 3027 679 3090 aliam
704 3027 734 3112 (i.
748 3047 774 3088 e.
795 3023 938 3107 tertiam)
962 3023 1135 3088 obscuram
1159 3039 1193 3088 et

118 3141 230 3217 chaus,
254 3153 287 3205 et
309 3143 461 3204 instruxit
484 3163 528 3206 se.
565 3140 658 3205 Nunc
671 3142 782 3226 igitur,
807 3161 827 3202 o
843 3138 963 3212 lumen,
987 3138 1077 3212 chao,
1102 3136 1193 3224 quod

88 3325 93 3334 ¹
118 3258 315 3341 procreavit,
338 3268 377 3318 ut
398 3257 590 3318 immitteret
612 3276 664 3318 me
687 3256 721 3318 in
743 3251 845 3328 istud,
869 3265 907 3315 ut
925 3251 1070 3316 auferret
1085 3273 1192 3316 meam

61 3393 90 3434 κ
120 3370 190 3432 vim
212 3367 342 3432 luminis
369 3392 388 3431 a
418 3391 488 3443 me,
521 3367 614 3432 aufer
645 3391 741 3433 suum
772 3367 813 3430 ab
843 3367 917 3442 illo,
948 3378 989 3429 et·
1012 3365 1191 3442 consilium,

118 3481 210 3568 quod
235 3485 334 3570 cepit,
364 3496 403 3545 ut
430 3481 575 3546 auferret
604 3503 715 3546 meum
744 3480 871 3556 lumen,
903 3479 1065 3568 abripiant
1095 3503 1193 3544 suum

114 3595 159 3662 ab
179 3613 239 3674 eo,
263 3609 296 3660 et
318 3599 523 3671 iniustitiam,
552 3618 651 3681 quam
675 3595 756 3660 dixit
779 3595 820 3658 ad
844 3593 1022 3660 auferenda
1045 3615 1118 3659 mea
1141 3593 1192 3658 lu·

113 3713 208 3774 mina
231 3733 251 3774 a
273 3733 340 3786 me,
370 3710 464 3774 auser
487 3733 546 3775 sua
570 3709 706 3774 omnia.”
750 3709 840 3774 Haec
864 3723 940 3774 sunt
962 3707 1078 3784 verba,
1108 3729 1193 3792 quae

117 3821 204 3885 dixit
226 3849 320 3892 τιστις
339 3834 436 3907 copres
459 3827 493 3888 in
516 3846 576 3888 suo
600 3827 694 3908 ύμνῳ.
732 3822 825 3887 Nunc
849 3825 947 3908 igitur
970 3832 1066 3904 νιιψων
1082 3823 1114 3881 in
1132 3839 1192 3882 suo

54 3959 86 4002 ao
116 3959 270 4014 πνευματι
302 3935 524 4022 progreditur,
546 3951 585 4002 ut
606 3937 755 4026 proferat
782 3935 977 4000 solutionem
1005 3930 1192 4006 verborum,

116 4067 207 4133 quae
236 4045 317 4110 dixit
344 4074 439 4117 τιστις
457 4061 554 4138 repre
580 4054 615 4116 in
643 4073 703 4116 suo
732 4053 826 4134 ύμιῳ.
871 4047 1046 4132 Progressa
1073 4047 1194 4108 iterum

112 4159 250 4227 Martha
273 4159 367 4226 dixit:
400 4165 446 4228 mi
469 4163 617 4242 domine,
646 4173 730 4251 ιιιφω
752 4164 787 4226 in
814 4181 889 4226 meo
917 4185 1065 4244 πνιυμιιιι
1094 4170 1193 4246 atque
1234 4143 1306 4225 175

201 4395 251 4460 11.
272 4399 457 4464 deducerent
478 4403 656 4482 (deiicerent
675 4399 725 4478 P.)
