3254 5340
927 443 995 514 170

421 630 563 722 petratie
585 625 754 704 omnibus,
783 638 817 693 et
839 645 944 713 quum
965 624 1182 712 cognoveritis
1210 624 1245 688 in
1268 619 1407 711 audere,
1428 623 1503 688 nori

423 768 493 812 eere
517 767 593 810 eum
614 747 649 808 in
672 743 758 818 dolo,
782 739 849 808 rude
871 740 971 805 fuisse
990 761 1066 804 eum
1087 741 1122 802 in
1135 741 1292 819 ύποιῳισει,
1316 735 1501 804 antefuisse

423 879 500 926 eum
524 885 682 940 περιεργον,
705 869 744 920 ut
766 857 862 920 sciret
883 855 976 930 haee,
1007 875 1092 940 quae
1115 851 1327 940 (contingant)
1351 849 1393 916 ed
1416 877 1499 933 μυσ-

422 999 522 1054 τηρια,
547 993 690 1058 quanam
713 972 819 1057 specie
842 971 921 1044 sint,
950 981 1040 1033 ιλλσ,
1063 967 1195 1054 diligere
1217 969 1279 1054 (pr.
1300 965 1397 1050 velle)
1422 987 1499 1029 eum

423 1085 523 1151 deum
545 1088 578 1150 in
602 1085 742 1170 atticae,
772 1084 858 1147 hunc
881 1079 1068 1146 huiusmodi
1091 1103 1132 1146 ne
1156 1080 1257 1144 telate
1279 1078 1383 1156 istud,
1407 1091 1499 1144 am
1533 1101 1545 1140 r

424 1200 499 1265 dete
523 1202 552 1264 ei
575 1220 616 1264 ex
637 1196 780 1262 secundo
803 1221 965 1278 χωρηματι
990 1208 1023 1259 et
1036 1198 1144 1272 tertio,
1168 1208 1202 1259 et
1217 1216 1321 1280 quum
1337 1215 1400 1257 voe
1417 1213 1500 1278 quo·

424 1335 487 1401 que
512 1313 701 1392 δοκιμασητε,
724 1332 869 1396 quonam
891 1335 1043 1396 μυστηριῳ
1066 1311 1108 1372 eit
1130 1308 1255 1395 dignus,
1279 1321 1314 1373 et
1329 1308 1408 1382 hoe,
1432 1327 1499 1391 quo

423 1440 474 1492 est
496 1425 620 1513 dignus,
644 1424 720 1490 date
744 1426 782 1501 ei,
806 1437 840 1488 et
861 1446 902 1488 ne
926 1423 1027 1488 relate
1051 1445 1126 1488 eum
1149 1421 1192 1498 id,
1216 1422 1371 1507 alioquin,
1395 1442 1500 1507 quum

424 1541 588 1605 celassetis
624 1562 713 1616 eum,
748 1537 1029 1626 prehenderemini
1062 1557 1180 1624 magno
1215 1557 1353 1618 κριμιτις
1394 1555 1500 1619 quum
1611 1599 1612 1614 χ

425 1654 579 1719 dederitis
603 1657 632 1718 ei
656 1652 756 1719 semel
778 1655 812 1716 in
835 1650 977 1716 secundo
1000 1677 1164 1746 χωρημιτι
1187 1664 1246 1714 aut
1266 1651 1375 1723 tertio,
1399 1661 1499 1733 atque
1523 1670 1545 1711 rt
1611 1653 1612 1736 J

425 1789 601 1833 conversus
631 1771 750 1832 iterum
778 1769 977 1853 peccaverit,
1011 1786 1072 1829 vos
1102 1786 1235 1851 quoque
1268 1761 1501 1827 continuabitir
1611 1775 1612 1793 ¹

424 1884 480 1969 (ee.
496 1881 586 1966 dere)
611 1881 712 1946 altera
728 1884 808 1954 vice,
832 1879 883 1949 ἕως
905 1878 1067 1965 usquead
1088 1882 1220 1942 tertiam
1234 1881 1356 1952 vieem3
1379 1872 1501 1961 quodsi

422 1997 543 2060 iterum
567 1998 761 2080 peccaverit,
791 2017 859 2058 non
882 1992 1111 2057 continuabitie
1143 1990 1221 2056 dere
1250 1994 1294 2068 ei,
1322 1989 1414 2076 quod
1435 1992 1502 2053 tria

423 2135 573 2196 μυστηρια
595 2108 649 2172 iila
674 2122 770 2172 erunt
793 2111 822 2172 ei
844 2121 943 2171 testee
967 2105 1007 2170 de
1035 2109 1151 2171 ultime
1180 2109 1248 2170 eius
1274 2130 1436 2192 perurere,
1468 2116 1502 2168 et
1611 2155 1612 2173 1

423 2226 504 2306 ἀμην
528 2220 599 2286 dico
623 2220 731 2296 vobis,
759 2225 813 2306 qui
838 2220 964 2284 dederit
985 2220 1109 2285 homini
1131 2220 1177 2284 illi
1200 2223 1319 2284 iterum
1340 2221 1375 2282 in
1396 2243 1499 2302 χωρη-
1523 2241 1545 2282 rr

423 2361 500 2421 ματι
524 2334 666 2398 seeundo
690 2346 749 2397 aut
770 2337 877 2409 tertio,
900 2335 1113 2418 prehenditur
1135 2354 1252 2420 magno
1268 2357 1401 2416 κριματι,
1424 2333 1499 2398 αλλ’

424 2463 493 2514 esto
518 2469 630 2512 eoram
652 2447 745 2511 vobis
769 2451 806 2511 dc
826 2448 1007 2524 παραβωτης
1030 2462 1063 2512 et
1089 2451 1126 2516 tc
1144 2448 1330 2524 σκινδαλονς
1362 2459 1396 2510 et
1418 2449 1501 2528 iet·

424 2563 496 2644 dico
520 2562 629 2627 vobis:
653 2562 776 2626 homini
799 2561 935 2624 illinon
958 2575 1008 2626 est
1029 2563 1188 2627 redemtio
1212 2583 1291 2626 suae
1315 2563 1444 2624 animae
1467 2563 1501 2624 in

309 2672 380 2748 271
422 2701 530 2760 κοσμῳ
553 2674 628 2739 inde
650 2673 692 2739 ab
720 2674 782 2738 hoc
811 2687 974 2762 tempore,
1004 2677 1076 2742 αλλ’
1101 2679 1170 2740 eius
1197 2675 1420 2740 habitaculum
1451 2688 1502 2738 est
1611 2683 1612 2688 ’

422 2793 458 2853 in
480 2788 588 2853 medio
613 2792 697 2854 ostio
722 2787 873 2872 dpeeovrtt
897 2788 1038 2876 caliginis
1062 2803 1223 2866 externae,
1250 2789 1322 2854 loro
1346 2789 1444 2853 {letus
1468 2800 1502 2854 et
1523 2811 1545 2852 ι

425 2902 572 2968 stridoris
597 2901 758 2980 dentium,
787 2906 876 2968 etin
899 2903 1061 2968 solutione
1087 2930 1203 2983 κοσμου
1227 2905 1295 2968 eius
1317 2900 1414 2990 ψιχη
1439 2906 1502 2968 erit
1611 2975 1612 2992 χ

583 3031 617 3082 et
639 3033 833 3083 avetrreerea
856 3041 875 3080 a
898 3018 973 3104 gelu
996 3017 1078 3082 duro
1103 3031 1136 3082 et
1158 3017 1275 3082 ardore
1298 3020 1501 3093 saevissimo,
1611 3019 1612 3040 ¹

424 3145 457 3196 et
480 3133 541 3196 erit
562 3131 651 3194 haud
675 3135 813 3196 existens
837 3154 941 3217 usque
965 3131 1007 3195 ed
1023 3145 1207 3210 aeternum3
1232 3146 1322 3197 ιλλι
1337 3135 1364 3196 si
1378 3135 1501 3196 iterum
1611 3121 1612 3208 ζ

424 3266 600 3310 conversus
635 3244 772 3336 αποταξῃ
803 3272 910 3331 κοσμῳ
945 3249 1007 3310 toti
1042 3249 1177 3333 eiusque
1216 3249 1301 3311 turis
1337 3245 1500 3322 omnibus,

425 3361 561 3444 eiusque
580 3362 720 3446 peccetis
745 3359 911 3436 omnibus,
934 3373 967 3424 et
989 3359 1143 3424 fueritin
1166 3383 1284 3448 magna
1307 3375 1445 3446 πολιτειᾳ
1468 3371 1501 3424 et
1522 3382 1545 3422 ι

423 3473 457 3534 in
480 3495 597 3557 magna
619 3500 780 3558 μετανοιῳ,
809 3473 937 3538 nullum
959 3495 1117 3554 μυστηριον
1140 3477 1255 3560 accipit
1276 3473 1317 3538 ab
1341 3496 1379 3539 eo
1406 3496 1501 3540 tuam
1611 3519 1612 3540 r

306 3102 346 3158 a<

422 3610 592 3670 μιτωνοιων,
615 3612 681 3650 oure
703 3585 842 3650 audiunt
864 3609 949 3663 eum,
976 3601 1015 3651 ut
1037 3591 1161 3652 miserti
1183 3591 1251 3653 eius
1275 3591 1436 3674 accipiant
1459 3586 1501 3652 ab

424 3718 463 3761 eo
488 3719 581 3762 suam
604 3724 763 3774 μετωνοιαν
780 3699 822 3764 ad
845 3701 1041 3766 remittenda
1058 3705 1125 3766 eius
1142 3701 1284 3788 peecata,
1307 3730 1403 3782 ειμητι
1419 3729 1501 3780 μυσ-

422 3837 512 3901 τηριον
541 3814 639 3900 primi
665 3839 842 3899 μυπηριου,
873 3828 971 3902 atque
1000 3820 1099 3882 etiam
1126 3843 1284 3904 μυστηρων
1313 3817 1501 3882 ineffabilis.

503 3987 634 4074 5.istud
655 3991 724 4066 (ista
746 3991 793 4068 P.)
857 3990 884 4050 6.
909 4013 943 4052 ex
962 3993 1095 4052 secundo
1118 4015 1266 4079 χωρηματι
1293 4004 1324 4054 et
1352 3993 1446 4053 tertio
1470 3993 1500 4068 (e

421 4113 579 4174 μυστηριοις
599 4091 720 4150 secundi
742 4115 912 4176 χωρηματος
934 4103 965 4152 et
988 4093 1069 4152 tertii
1092 4093 1139 4168 P.)
1210 4095 1259 4154 15.
1282 4093 1399 4153 dederit
1421 4092 1500 4168 (edd.

422 4190 617 4271 „tremeret”
640 4191 686 4268 P.)
729 4192 778 4252 22.
800 4193 846 4252 De
869 4194 964 4272 spatio
987 4193 1043 4254 hoc
1065 4215 1156 4254 vacuo
1179 4193 1217 4254 cs.
1240 4215 1315 4275 quae
1336 4214 1425 4273 supra
1450 4192 1502 4252 ed·

422 4287 589 4348 notavimus
616 4291 736 4370 p.163‚
764 4293 784 4354 Ι.
805 4294 844 4354 15
878 4293 911 4353 Ρ.
980 4294 1031 4356 23.
1052 4295 1079 4358 ei
1100 4295 1210 4358 iterum
1231 4295 1310 4377 (add
1331 4294 1427 4374 „ert”
1449 4294 1501 4373 Ρ.)

421 4383 472 4446 24.
495 4385 628 4472 αποταξῃ
649 4388 844 4476 (αποταξηται
864 4393 913 4474 P.)
