3254 5340
918 401 985 471 136

414 605 448 659 et
468 613 625 678 μυστηριον
646 584 729 653 illud
751 589 926 675 cognoscit,
949 597 1152 674 quapropter
1171 581 1277 650 iactus
1296 586 1339 649 sit
1353 605 1491 671 magnus

311 719 331 762 ¹·-
412 703 583 795 epimone
606 715 639 769 et
661 716 864 791 quapropter
887 699 992 766 sactus
1017 703 1059 764 sit
1072 721 1211 786 magnus
1227 725 1384 781 προπιτωρ
1401 725 1493 782 copa-

414 843 478 898 τος;
511 832 544 886 et
571 844 728 902 μυστηριον
757 814 839 881 illud
869 815 1050 901 cognoscit,
1081 826 1283 900 quapropter
1314 811 1421 876 factus
1453 813 1495 874 sit

300 931 376 1009 215
417 935 560 1002 decimus
583 935 699 998 tertius
723 957 792 996 ocur
816 941 849 993 et
864 941 1066 1017 quapropter
1088 926 1195 992 factus
1212 930 1254 992 sit
1271 925 1495 991 rinochorum

416 1052 474 1136 qui
497 1044 683 1134 (pertinent)
707 1044 750 1109 ad
772 1067 873 1131 μεσονς
898 1057 931 1108 ct
945 1067 1101 1126 μυστηρων
1116 1041 1198 1106 illud
1214 1041 1388 1128 cognoscit,
1413 1061 1494 1124 qua·
1527 1063 1538 1102 s

414 1174 551 1252 propter
574 1159 651 1224 facti
675 1161 739 1222 sint
761 1170 988 1242 παραλημπαιι
1006 1181 1103 1240 perso
1120 1168 1153 1220 et
1169 1166 1370 1242 quapropter
1386 1151 1495 1218 factae

417 1278 482 1340 sint
510 1273 641 1357 παρθενοι
668 1272 817 1348 luminis;
847 1284 881 1335 ct
906 1296 1064 1357 μυστηριον
1091 1265 1173 1333 illud
1201 1271 1382 1355 cognoscit,
1413 1289 1494 1354 que-

414 1401 552 1476 propter
574 1387 652 1452 facti
681 1389 746 1451 sint
768 1383 893 1452 demoror
909 1411 1007 1470 μεσου
1037 1397 1071 1448 et
1093 1397 1295 1469 quapropter
1322 1381 1400 1446 iacti
1430 1385 1496 1446 sint

416 1515 546 1588 ιγγελοι
568 1523 682 1585 {ccccm
714 1513 748 1565 et
777 1525 934 1585 pompus
964 1497 1044 1563 illud
1076 1499 1256 1584 cognoscit,
1293 1510 1496 1581 quapropter

416 1616 505 1682 facta
529 1618 571 1680 sit
592 1627 681 1679 terra
707 1615 838 1678 luminis
867 1626 900 1678 et
922 1624 1124 1700 quapropter
1150 1611 1257 1674 sactus
1287 1611 1328 1673 sit
1354 1631 1494 1695 maguus
1518 1635 1542 1675 rs

414 1745 642 1815 παραλημπης
663 1729 812 1807 luminis3
843 1741 876 1794 et
902 1753 1060 1814 μυστηριον
1089 1724 1171 1789 illud
1201 1726 1381 1810 cognoscit,
1413 1747 1496 1810 qua·

415 1859 554 1932 propter
585 1845 663 1910 facti
694 1846 759 1908 sint
790 1852 930 1928 φυλικες
948 1867 1039 1906 ronco
1069 1840 1189 1903 horum
1220 1841 1276 1924 qui
1306 1838 1496 1926 (pertinent)

418 1958 462 2023 ad
481 1958 640 2036 dextram,
664 1971 697 2024 et
720 1970 921 2044 quapropter
944 1955 1021 2020 facti
1044 1955 1109 2017 siut
1130 1979 1340 2038 προηγιυμενοι
1362 1952 1496 2030 horum;
1590 2027 1591 2036 ἵ

418 2085 452 2136 et
480 2098 638 2156 μυστηριον
666 2071 749 2136 illud
779 2073 960 2158 cognoscit,
992 2081 1191 2154 quapropter
1222 2067 1310 2132 facta
1339 2069 1380 2130 sit
1410 2081 1496 2144 τυλη
1591 2148 1592 2178 1

415 2186 504 2249 vitae
528 2197 561 2248 et
584 2198 786 2270 quapropter
808 2185 915 2248 sactus
939 2185 980 2247 sit
1002 2180 1148 2246 Sabaoth
1172 2181 1299 2266 ωγωθοςς
1324 2193 1357 2245 et
1375 2207 1496 2262 μυστη·
1521 2209 1542 2248 u

415 2322 472 2385 pm
499 2295 580 2361 illud
610 2300 790 2382 cognoscit,
827 2310 1030 2383 quapropter
1057 2295 1162 2360 factus
1192 2298 1235 2360 sit
1260 2320 1348 2364 sonos
1373 2295 1499 2361 horum
1592 2270 1593 2314 i

418 2413 474 2498 qui
499 2410 684 2497 (pertinent)
708 2409 750 2474 ad
774 2409 937 2487 dextram,
961 2423 995 2474 ct
1018 2422 1219 2497 quapropter
1243 2409 1329 2474 iacta
1349 2412 1391 2473 sit
1406 2423 1499 2475 terra
1593 2390 1594 2424 ¹

416 2525 564 2602 luminis,
608 2546 692 2610 quac
727 2536 778 2589 est
808 2524 951 2610 θησαυρος
981 2523 1130 2601 luminis3
1166 2537 1199 2588 ct
1228 2549 1383 2608 μυστηριον
1414 2524 1499 2589 illud
1594 2513 1595 2548 ³

418 2640 592 2724 cognoscit,
616 2651 818 2723 quapropter
842 2637 948 2702 sactae
972 2641 1036 2703 sint
1052 2638 1202 2725 προβολωι
1217 2637 1348 2702 luminis
1364 2651 1398 2702 et
1413 2661 1499 2725 qua·

414 2765 551 2838 propter
581 2751 659 2816 facti
693 2754 758 2816 sint
788 2750 962 2817 duodecim
991 2775 1129 2838 compen
1168 2764 1202 2816 et
1228 2779 1384 2839 μυστηρων
1412 2753 1499 2819 illud
1521 2780 1544 2820 n

417 2867 592 2953 cognoscit,
617 2879 819 2953 quapropter
841 2866 947 2931 iactae
971 2869 1035 2931 sint
1060 2879 1126 2930 tres
1155 2879 1253 2932 πυλωι
1272 2866 1418 2946 insomne
1443 2867 1499 2933 lu·

416 2983 512 3045 minis
529 2993 562 3045 ct
577 2994 778 3067 quapropter
794 2980 872 3045 facti
888 2983 953 3046 sint
973 3001 1092 3046 novem
1110 2990 1267 3067 φυλακεςς
1291 2994 1500 3076 etune-rupem

301 3090 377 3164 216
416 3094 499 3159 illud
527 3097 709 3181 cognoscit,
740 3109 942 3181 quapropter
970 3093 1048 3159 iacti
1075 3098 1140 3160 sint
1169 3096 1288 3181 gemini
1316 3121 1440 3178 suropo:
1463 3110 1500 3162 ct

417 3221 619 3296 quapropter
635 3207 722 3272 facta
746 3211 810 3273 sint
831 3212 895 3273 tria
918 3213 1015 3292 dnm
1040 3223 1073 3273 ct
1095 3234 1251 3294 μυστηριον
1265 3209 1350 3274 illud
1373 3232 1498 3298 cogno·

417 3326 486 3399 scit,
510 3335 711 3408 quapropter
729 3322 835 3388 factae
852 3325 917 3386 sint
932 3325 1076 3409 quinque
1093 3321 1227 3387 arbores
1243 3335 1276 3388 et
1292 3339 1498 3410 quapropter
1521 3352 1545 3393 rs

416 3433 504 3499 facta
528 3438 594 3497 sint
616 3448 741 3518 septem
765 3441 860 3519 ὠμηιις
885 3450 918 3501 ct
938 3463 1095 3520 μυστηριον
1110 3436 1191 3501 illud
1215 3441 1388 3523 cognoscit,
1412 3461 1497 3525 qua·

414 3557 552 3632 propter
574 3545 681 3609 factus
705 3550 747 3611 sit
769 3574 936 3632 κερασμος,
968 3553 1024 3636 qui
1047 3573 1114 3616 non
1142 3550 1317 3627 existebat,
1348 3565 1382 3616 et
1412 3574 1497 3639 qua-

415 3669 553 3744 propter
582 3672 741 3747 purgatus
777 3664 828 3724 sit.
885 3661 1027 3750 Pergcns
1062 3663 1168 3729 adhuc
1196 3664 1286 3730 lesus
1316 3663 1397 3729 dixit
1426 3669 1496 3732 suis

414 3773 579 3859 μαθητικε
614 3798 680 3850 „ers
710 3777 776 3839 mei
801 3773 936 3861 poiseus
967 3786 1089 3862 νηφιτε,
1120 3791 1153 3844 et
1180 3782 1405 3865 unusquisque
1436 3803 1496 3846 ve-

416 3901 522 3954 strum
544 3886 629 3954 ferto
652 3889 721 3954 vim
751 3888 910 3963 αισθησιως
938 3891 1068 3956 luminis
1092 3913 1152 3978 pro
1182 3914 1230 3969 se,
1264 3906 1303 3957 ut
1332 3892 1495 3960 obediatis
1520 3921 1544 3963 ss

413 4005 449 4068 in
472 4001 646 4090 diligentia.
680 4001 759 4069 lnde
783 4003 903 4070 abhoc
925 4008 1082 4091 temporis
1105 4021 1273 4072 momento
1290 4033 1350 4093 γαρ
1373 4008 1496 4095 loquar

414 4114 586 4181 vobiscum
617 4117 658 4184 dc
685 4143 767 4206 τοπῳ
798 4121 886 4183 omni
921 4121 1061 4195 αληθειις
1089 4119 1279 4200 Ineffabilis,
1315 4135 1415 4208 atque
1450 4120 1495 4190 dc

414 4226 527 4306 modo,
551 4251 616 4316 quo
634 4233 710 4296 cst”
740 4231 878 4298 Factum
899 4236 1076 4322 igiturest,
1100 4257 1204 4322 quum
1225 4233 1359 4323 μαθηται
1382 4235 1494 4302 audis·

415 4354 490 4408 scut
510 4341 592 4410 haec
612 4343 730 4426 verba,
757 4369 843 4438 qius
865 4348 948 4418 dixit
967 4348 1074 4429 Iesus,
1101 4362 1219 4420 αλιναν
1242 4364 1276 4420 et
1298 4349 1496 4420 destiterunt
