3296 5354
671 433 719 501 39.

243 613 383 680 Factum
412 614 513 702 igitur
543 627 608 691 est,
647 635 750 701 quum
783 613 943 682 Maribam
971 614 1097 684 finisset
1126 614 1233 686 dicere

152 732 233 796 haee
255 727 358 796 verba
379 726 455 792 Iesu
476 730 511 790 in
532 726 647 793 mediis
671 731 740 794 eius
762 728 921 816 μαθηταις,
944 730 1025 796 dixit
1044 735 1087 797 ei:
1109 735 1157 798 mi
1172 731 1232 798 do·

152 847 255 921 mine,
284 843 365 908 baee
388 855 439 907 est
460 841 581 906 solutio
609 868 772 929 μυστηριαυ
791 870 950 929 annueres
968 871 1091 918 πιστεως
1109 853 1232 934 redeas.

152 958 291 1023 Factum
313 959 412 1043 igitur
435 967 500 1032 est,
532 978 635 1042 quum
656 955 747 1022 lesus
774 958 919 1026 audisset
940 960 1101 1026 Maribam
1123 960 1233 1026 dicen·
1282 951 1332 1029 56

118 1096 133 1136 s
155 1086 223 1138 tem
244 1071 325 1137 baeu
347 1067 464 1146 verba,
489 1068 571 1134 dixit
592 1073 636 1134 ei:
660 1097 729 1157 ιυγε
744 1071 918 1150 Maribam,
940 1101 1083 1163 pantapte
1101 1097 1136 1140 es
1151 1087 1231 1151 πλη·

151 1211 243 1274 puna
270 1197 329 1250 aut
356 1208 565 1270 πωνμωκαρως
583 1196 797 1271 respuamus,
830 1208 931 1273 quam
957 1187 1175 1275 μικιιριζουσιν
1196 1192 1233 1254 in

152 1325 240 1388 γενεφ
264 1301 362 1364 omni.
391 1296 533 1384 Pergens
558 1297 664 1364 adbuc
679 1299 768 1365 lesus
790 1302 825 1364 in
840 1323 1004 1379 sermone,
1027 1300 1121 1366 dixit:
1144 1301 1230 1368 Con·

152 1418 284 1478 tinuans
312 1411 419 1477 adbuc
448 1436 544 1482 τιστις
569 1422 680 1500 rodae,
717 1417 828 1499 ὑμνιυε
864 1414 1043 1481 secundam
1070 1442 1232 1502 μετανοιαν

155 1527 264 1592 dicens
286 1527 348 1592 boe
370 1525 487 1591 modo:
517 1524 671 1604 „Lumen
693 1526 869 1606 luminum,
900 1507 1063 1596 exterrere
1083 1529 1158 1606 tibi,
1187 1551 1231 1596 ne

100 1665 128 1706 re
156 1645 225 1706 sine
247 1643 356 1705 mein
380 1640 514 1726 ealigine
536 1662 641 1726 usque
665 1639 829 1706 adfinem
851 1646 916 1707 mei
941 1647 1109 1731 temporis.
1153 1653 1230 1719 Bra·

153 1754 192 1826 θει
214 1755 294 1819 mibi
323 1768 357 1819 et
385 1775 495 1819 serves
524 1776 579 1819 me
607 1755 642 1817 in
670 1757 735 1820 tuis
764 1780 941 1843 μυπηριοις.
985 1756 1109 1821 Inclina
1136 1769 1231 1823 tuam

154 1891 268 1934 aurem
289 1868 370 1932 mihi
393 1881 426 1933 et
449 1889 558 1933 serves
582 1889 644 1932 me.
690 1867 749 1933 Vis
777 1872 827 1932 tui
854 1868 987 1934 luminis
1016 1884 1146 1936 servato
1176 1891 1232 1936 me

155 1997 188 2048 et
208 1983 304 2048 tollat
324 2003 379 2046 me
401 1981 445 2046 ad
467 2007 575 2052 arurae
598 1982 697 2060 alt0s3
731 2006 810 2048 nam
831 1996 870 2048 tu
899 2006 932 2050 es
963 1998 1153 2050 servaturus
1175 2005 1232 2050 me

156 2111 190 2162 et
212 2110 379 2162 sumturus
400 2099 436 2160 in
462 2095 668 2162 altitudinem
696 2109 832 2162 tuorum
859 2092 976 2166 ututur.
1025 2097 1145 2162 Libera
1165 2121 1229 2176 me,

100 2237 127 2276 re
156 2211 282 2286 lumen,
309 2208 350 2273 ab
372 2209 433 2274 bae
454 2214 488 2276 vi
512 2233 588 2276 cum
611 2211 693 2275 facie
716 2211 819 2276 leonis
844 2225 877 2277 et
906 2235 926 2276 a
947 2212 1113 2299 τροβολιιις
1132 2209 1230 2280 auda.-

153 2324 222 2396 dure
245 2324 397 2402 deorum;
423 2347 502 2389 nam
523 2338 581 2389 tuo
604 2325 735 2402 lumini,
763 2325 888 2402 lumen,
918 2352 1080 2394 euentura
1103 2339 1136 2392 et
1159 2347 1229 2392 cre·

154 2439 220 2505 didi
248 2461 365 2504 revera
394 2451 453 2504 tuo
484 2439 600 2504 bamini
626 2438 703 2503 inde
734 2438 776 2504 ab
806 2438 915 2519 initio,
946 2454 980 2506 et
1008 2467 1171 2508 πιστωη
1198 2443 1230 2506 ei

152 2554 227 2620 inda
257 2552 298 2619 ab
325 2555 424 2630 bora,
456 2576 522 2638 qua
551 2553 705 2640 πραιβωλε
730 2576 800 2632 me,
831 2569 930 2642 atque
957 2569 996 2620 tu
1023 2557 1094 2644 ipse
1124 2555 1230 2620 fecisti

154 2693 209 2737 eos
231 2670 395 2755 προβιλειν
416 2689 480 2732 me.
524 2667 570 2734 Et
592 2689 652 2754 ego
677 2690 809 2755 quoque
837 2694 998 2736 ascensura
1024 2682 1084 2734 tuo
1113 2669 1231 2734 lumini

100 2807 127 2850 a
152 2765 228 2851 inde
250 2783 293 2848 as
321 2785 429 2860 ineo,
460 2795 493 2846 et
520 2804 624 2869 quum
647 2807 808 2849 salama
837 2781 912 2858 tui,
941 2781 1134 2848 audebant.
1149 2784 1231 2850 mut

154 2923 295 2986 αρχοντες
319 2923 427 2964 atavus
450 2895 606 2962 dieentes:
635 2895 812 2962 Intermisit
835 2918 932 2960 suum
958 2921 1124 2983 μυστηριαν.
1174 2897 1230 2962 Tu

155 3023 345 3077 servaturus
370 3033 402 3075 ea
424 3033 488 3088 me,
512 3024 611 3097 atque
627 3023 665 3075 tu
681 3033 715 3075 es
730 3032 823 3074 meus
835 3035 941 3096 ,aaran
965 3023 999 3074 et
1012 3022 1052 3073 tu
1066 3031 1101 3074 es
1116 3031 1230 3074 meum
1279 3005 1328 3085 57

122 3165 124 3170 ·
153 3151 320 3212 μυστηριον,
342 3123 460 3190 lumen.
506 3123 555 3190 Os
577 3147 690 3191 meum
711 3123 884 3212 impletum
907 3136 957 3188 est
978 3123 1095 3210 gloria,
1118 3136 1157 3220 ut
1179 3123 1229 3188 di·

156 3261 229 3306 cam
256 3264 412 3325 μυστηριον
440 3253 518 3305 tuae
547 3238 777 3327 magnitudinis
809 3241 898 3304 omni
925 3250 1084 3326 tempore.
1134 3239 1230 3304 Nune

101 3383 127 3424 aa
154 3357 263 3442 igitur,
284 3353 404 3431 lumen,
427 3376 468 3420 ne
492 3357 561 3420 sine
583 3375 636 3419 me
658 3357 694 3418 in
717 3353 797 3419 chao
814 3352 857 3418 ad
877 3351 976 3428 finem
990 3356 1056 3418 mei
1070 3357 1230 3442 temporis

152 3473 264 3536 totius.
315 3469 364 3534 Ne
392 3469 539 3556 relinque
569 3491 637 3547 me,
666 3468 792 3546 lumen;
824 3491 902 3533 nam
931 3467 1095 3534 abstulere
1121 3481 1230 3534 totam

151 3608 261 3651 meam
281 3588 351 3652 vim
372 3584 505 3649 luminis
527 3583 607 3648 mibi
631 3597 729 3671 atque
751 3582 992 3649 circumdedere
1009 3607 1063 3650 me
1078 3583 1229 3673 προβολαι

152 3723 266 3767 omnes
289 3697 447 3770 avtatove.
485 3698 672 3764 Voluerunt
694 3698 823 3767 auferre
845 3712 956 3766 totum
983 3721 1096 3766 meum
1117 3699 1230 3764 lumen

152 3815 233 3878 mibi
254 3816 395 3900 penitus,
418 3827 452 3879 et
473 3813 686 3900 invigilabant
707 3836 817 3879 meam
838 3817 907 3880 vim
930 3811 1072 3878 dicentes
1096 3811 1155 3876 sibi
1177 3815 1228 3874 in·

100 3952 127 3993 aa
154 3930 261 3991 vicem
289 3927 399 4005 simul,
430 3927 542 3994 lumen
570 3927 780 4016 dereliquisse
806 3949 869 3994 me.
920 3924 1115 3992 Prehendite
1145 3945 1228 3999 eam,

155 4055 195 4107 ut
217 4039 405 4106 auferamus
427 4056 536 4108 totum
564 4043 695 4120 lumen,
723 4041 814 4129 quod
841 4045 876 4105 in
905 4061 953 4104 ea.
996 4038 1137 4124 Propter
1165 4037 1229 4102 hoe

236 4179 267 4239 2.
290 4179 353 4241 eius
379 4181 527 4260 (deleatur
548 4183 664 4260 „eius”
686 4182 737 4259 P.)
812 4180 863 4240 10.
886 4179 951 4239 siue
972 4175 1051 4256 (velt
1076 4197 1156 4258 pone
1177 4175 1228 4254 P.)

152 4281 203 4342 13.
226 4279 315 4343 tollat
336 4283 438 4362 (tollas
460 4285 510 4362 P.)
551 4282 602 4344 25.
618 4284 683 4344 sine
698 4281 774 4362 (velz
796 4301 876 4361 pone
890 4279 941 4357 P.)
983 4278 1033 4340 29.
1054 4301 1156 4360 „meae
1179 4277 1228 4339 vi”

153 4404 209 4462 pro
229 4403 344 4462 „ruem
366 4384 447 4444 vim⁸’
472 4385 505 4444 P.
