3240 5328
919 461 987 528 m
1098 447 1103 454 .

419 663 577 733 quaerens
599 643 634 708 in
657 639 783 730 αλιθειφ
808 643 964 718 inveniat,
995 652 1030 706 et
1055 640 1196 726 vocanti,
1217 639 1372 726 aperient
1415 635 1495 702 Dixi

416 784 478 845 γαρ
505 756 691 822 bominibus
716 754 880 831 omnibus,
909 767 950 818 ut
971 767 1132 840 quaerant
1152 777 1302 836 μυστηριιι
1329 753 1420 837 regni
1441 750 1492 814 lu-

417 874 529 947 minis,
554 893 637 956 quae
659 882 840 958 purgatura
863 889 918 932 eos
940 865 1081 932 reddant
1103 888 1159 930 eos
1183 878 1352 949 ειλικρενεις,
1376 877 1415 926 ut
1433 861 1490 927 ad-

419 983 581 1049 ducantur
603 983 644 1047 ad
667 983 788 1046 lumen.
838 980 978 1068 Propter
1006 979 1069 1044 boc
1098 983 1196 1066 igitur
1224 977 1385 1042 lohannes
1407 976 1492 1054 fias·

417 1123 513 1169 τιστης
542 1105 742 1185 repedemus
777 1093 817 1159 de
848 1115 900 1158 mc
932 1092 1054 1158 dicens:
1091 1113 1150 1179 ego
1181 1119 1237 1178 μιν
1263 1091 1405 1176 βαπτιζω
1434 1113 1493 1154 vos
1527 1115 1536 1152 ι

418 1233 505 1294 aqua
528 1209 570 1273 ad
593 1234 751 1292 μετανιιιιν
766 1207 809 1271 ad
828 1209 1053 1272 remissionem
1067 1218 1253 1270 vestrorum
1271 1217 1493 1291 peccatorum,

417 1325 551 1386 veniens
574 1335 651 1406 post
673 1343 726 1385 me
749 1301 895 1407 praestat
920 1341 987 1396 me,
1018 1321 1109 1384 cuius
1138 1317 1359 1404 ventilabrum
1388 1322 1494 1382 estin

418 1455 477 1498 sua
501 1455 610 1509 manu,
632 1432 788 1521 purgabit
809 1455 904 1497 suam
926 1455 1047 1509 areant
1071 1431 1224 1518 stipulam
1244 1458 1300 1515 μεν
1322 1430 1495 1495 comburet

417 1549 491 1632 igne
512 1545 602 1610 haud
630 1544 878 1632 exstinguendo,
909 1545 1113 1610 frumentum
1133 1544 1167 1611 ’δι
1190 1541 1309 1633 ravaga
1335 1547 1371 1608 in
1397 1565 1494 1608 suam

348 922 368 980 ι(

418 1658 573 1732 arabant.
618 1659 686 1738 Vis,
711 1681 794 1745 quac
816 1662 850 1723 in
872 1657 1030 1736 Iohanne,
1057 1665 1258 1746 ιπριφητιυσι
1280 1656 1321 1722 de
1348 1679 1402 1722 me
1433 1661 1492 1722 sci-
1518 1681 1539 1721 ιι

419 1795 490 1848 ens,
521 1794 573 1835 nie
597 1773 774 1836 allaturum
797 1794 866 1838 ease
889 1797 1040 1858 μυστηριιι
1061 1775 1096 1836 in
1124 1796 1246 1855 κισμιν,
1275 1783 1314 1834 ut
1340 1771 1495 1856 καθαρισιι

417 1899 550 1972 peccata
572 1898 782 1971 peccatorum
810 1911 1019 1952 πιστευσιντων
1042 1884 1136 1960 mihi,
1166 1896 1205 1949 ut
1227 1882 1383 1948 obediant
1403 1885 1494 1962 mihi,

417 2013 456 2063 ut
480 1999 598 2062 faciam
621 2021 677 2064 eos
701 2012 845 2084 ειλιιιριιες
865 1998 993 2074 lumen,
1018 2012 1059 2062 ut
1080 1997 1284 2062 adducantur
1306 1997 1349 2061 ad
1371 1997 1493 2062 lumen.

417 2111 507 2175 Haec
530 2114 628 2198 igitur
652 2134 754 2198 quum
776 2112 906 2176 locutus
930 2124 1016 2176 esset
1036 2109 1139 2187 Iesus,
1166 2110 1367 2196 respondens
1390 2111 1494 2176 Maria

419 2223 512 2288 dixit:
534 2229 580 2288 mi
605 2224 748 2301 domine,
772 2227 798 2288 si
820 2226 967 2290 homines
991 2237 1105 2290 cuntes
1126 2227 1319 2310 qtmesitum,
1341 2228 1492 2289 venerint
1515 2246 1535 2284 u

304 2332 379 2406 353
417 2339 452 2400 in
475 2335 639 2401 doctrinas
663 2350 791 2411 πλανης,
819 2337 906 2404 unde
930 2342 1046 2414 scient,
1068 2359 1149 2402 num
1173 2337 1325 2402 destinati
1346 2341 1411 2402 sint
1435 2338 1492 2404 tibi

417 2472 477 2515 nec
500 2451 560 2514 ne?
598 2450 811 2538 Respondent
836 2476 929 2535 σωτηρ
954 2450 1035 2515 dixit
1049 2452 1184 2516 Mariae:
1209 2450 1275 2514 dixi
1289 2449 1383 2516 vobis
1400 2453 1490 2516 olim:

334 2586 371 2624 κ
419 2577 523 2629 estote
546 2568 629 2629 sicut
652 2568 812 2651 sapientes
835 2564 1022 2650 τραπεζιτιιι,
1045 2565 1166 2628 scilicet
1184 2563 1310 2628 bonurn
1330 2568 1490 2649 suscipite,

417 2676 542 2740 malurn
573 2679 686 2740 eiicite.
739 2677 831 2741 Nunc
862 2679 959 2763 igitur
989 2678 1083 2742 dicite
1113 2676 1299 2742 bominibus
1330 2678 1492 2752 omnibus,

419 2791 614 2874 quaesituris
638 2789 785 2854 divinum
806 2812 943 2867 numen,
971 2794 998 2854 si
1019 2805 1137 2856 ventus
1161 2790 1270 2877 aquilo
1295 2795 1410 2856 exierit
1433 2795 1491 2856 sci-
1514 2813 1535 2852 ι

417 2905 475 2979 tis,
505 2903 550 2988 (in
572 2925 673 2990 marg.
697 2903 799 2989 frigus
822 2903 973 2968 futurum
995 2925 1081 2979 esse,
1112 2907 1138 2968 si
1160 2917 1279 2969 ventus
1302 2919 1414 2970 auster
1439 2929 1493 2970 ex·

417 3018 499 3090 ierit,
523 3016 631 3101 scitis)
653 3042 764 3100 κιυμιι
789 3030 822 3080 et
843 3029 969 3081 aestum
989 3015 1139 3081 futurum
1162 3039 1241 3082 esse.
1279 3017 1372 3082 Nunc
1394 3021 1494 3106 igitur

419 3125 514 3192 dieite
536 3131 591 3205 iis,
623 3132 649 3192 si
673 3133 863 3215 cognoscitis
893 3129 1009 3194 faciem
1033 3129 1112 3194 caeli
1136 3143 1169 3194 et
1195 3143 1300 3196 terrae
1331 3153 1348 3196 e
1376 3137 1492 3208 ventis,

419 3261 520 3326 quum
550 3241 649 3328 aliqui
676 3244 774 3328 igitur
801 3264 888 3307 nunc
909 3245 1059 3308 venerint
1084 3243 1128 3307 ad
1153 3265 1228 3320 vos,
1258 3257 1297 3308 ut
1325 3271 1493 3330 κηρυσσωη

416 3354 511 3418 vobis
535 3354 681 3419 divinum
704 3378 840 3433 numen,
864 3359 1055 3443 cognoscitis
1078 3370 1243 3434 accurate,
1271 3380 1351 3422 num
1376 3381 1492 3424 eorum
1515 3382 1537 3421 ιι

416 3467 519 3530 verba
547 3477 697 3558 συμφωνῃ
729 3482 762 3533 et
792 3471 908 3560 ὄρμιιζῃ
939 3492 1012 3534 curn
1042 3474 1159 3535 vestris
1190 3471 1298 3536 verbis
1329 3473 1492 3550 omnibus,

418 3598 502 3662 quae
532 3577 598 3643 dixi
626 3580 720 3644 vobis
749 3603 789 3644 ex
816 3607 967 3670 μαρτυριφ
995 3583 1152 3660 duorum,
1183 3607 1289 3670 usque
1319 3585 1361 3649 ad
1391 3589 1492 3651 trium

418 3690 473 3776 (sc.
496 3691 741 3775 testimonium),
766 3705 799 3756 et
822 3715 906 3778 quae
921 3706 1077 3783 συμφωνει
1098 3701 1134 3761 in
1156 3701 1389 3764 constitutione
1411 3725 1492 3786 aupes

418 3815 450 3869 et
474 3803 639 3868 caelorum
662 3818 696 3869 et
716 3819 835 3874 κυκλων
859 3821 892 3872 ct
914 3835 1041 3894 απερων
1069 3824 1102 3874 et
1132 3819 1291 3897 pompos
1322 3825 1354 3876 et
1384 3826 1491 3878 terrae

416 3921 519 3982 totius
551 3931 598 3994 et,
630 3941 713 4005 quae
743 3923 777 3984 in
805 3942 860 3998 ca,
892 3926 1039 3986 omnium
1069 3937 1168 4009 atque
1198 3928 1296 3988 etiam
1328 3947 1489 4012 aquarum
1514 3949 1536 3988 a
1601 3955 1602 3968 ι

418 4035 574 4107 οιιιιιὶιιιιι,
598 4045 644 4107 et,
669 4054 753 4117 quae
775 4037 809 4096 in
830 4037 879 4112 iis,
903 4040 1065 4114 omnium3
1089 4036 1184 4102 dieite
1206 4040 1258 4102 iis:
1283 4041 1491 4122 quiveniunt
1601 4059 1602 4064 ¹

417 4142 460 4208 ad
481 4166 552 4220 vos,
574 4157 613 4208 ut
636 4166 751 4210 corum
764 4146 866 4212 verba
889 4148 1005 4239 ὄρμιιζῃ
1029 4164 1062 4214 et
1084 4159 1234 4241 συμφωιῃ
1253 4154 1288 4214 in
1307 4155 1490 4238 cognitione
1601 4159 1602 4214 ὲ

418 4257 522 4332 omni,
552 4279 636 4342 quac
659 4258 724 4324 dixi
743 4258 848 4338 vobis,
872 4263 1028 4349 accipiam
1052 4283 1107 4328 eos
1130 4266 1330 4350 pertinentes
1353 4264 1398 4328 ad
1419 4287 1488 4330 nos.
1601 4241 1602 4246 ἵ

417 4363 507 4431 Haec
536 4383 629 4446 sunt,
661 4392 745 4457 quae
778 4372 889 4440 dicetis
921 4374 1108 4442 bominibus
1143 4403 1334 4465 κηρυσσοντες
1366 4381 1419 4456 iis,
1453 4391 1492 4443 ut
