<?xml version="1.0" encoding="UTF-8"?>
<!DOCTYPE html PUBLIC "-//W3C//DTD XHTML 1.0 Transitional//EN"
    "http://www.w3.org/TR/xhtml1/DTD/xhtml1-transitional.dtd">
<html xmlns="http://www.w3.org/1999/xhtml" xml:lang="en" lang="en">
 <head>
  <title>
</title>
<meta http-equiv="Content-Type" content="text/html;charset=utf-8" />
  <meta name='ocr-system' content='tesseract 3.04.00' />
  <meta name='ocr-capabilities' content='ocr_page ocr_carea ocr_par ocr_line ocrx_word'/>
</head>
<body>
  <div class='ocr_page' id='page_1' title='image "./pistissophiaopu00petegoog_0532.png"; bbox 0 0 3254 5340; ppageno 0'>
   <div class='ocr_carea' id='block_1_1' title="bbox 667 453 731 524">
    <p class='ocr_par' dir='ltr' id='par_1_1' title="bbox 667 453 731 524">
     <span class='ocr_line' id='line_1_1' title="bbox 667 453 731 524; baseline 0 0"><span class='ocrx_word' id='word_1_1' title='bbox 667 453 731 524; x_wconf 88' lang='grc'>101</span> 
     </span>
    </p>
   </div>
   <div class='ocr_carea' id='block_1_2' title="bbox 158 629 1236 840">
    <p class='ocr_par' dir='ltr' id='par_1_2' title="bbox 158 629 1236 840">
     <span class='ocr_line' id='line_1_2' title="bbox 158 629 1236 729; baseline 0.003 -23"><span class='ocrx_word' id='word_1_2' title='bbox 158 640 240 706; x_wconf 87' lang='lat' dir='ltr'>dixit</span> <span class='ocrx_word' id='word_1_3' title='bbox 262 663 359 710; x_wconf 92' lang='grc' dir='ltr'><strong><em>τιστις</em></strong></span> <span class='ocrx_word' id='word_1_4' title='bbox 381 644 497 726; x_wconf 71' lang='lat' dir='ltr'><strong>eopse:</strong></span> <span class='ocrx_word' id='word_1_5' title='bbox 529 634 619 702; x_wconf 82' lang='lat' dir='ltr'>dedit</span> <span class='ocrx_word' id='word_1_6' title='bbox 639 638 719 704; x_wconf 89' lang='lat' dir='ltr'>mihi</span> <span class='ocrx_word' id='word_1_7' title='bbox 749 659 843 704; x_wconf 86' lang='lat' dir='ltr'>suam</span> <span class='ocrx_word' id='word_1_8' title='bbox 870 629 997 729; x_wconf 84' lang='grc' dir='ltr'><strong><em>σσφιιιι,</em></strong></span> <span class='ocrx_word' id='word_1_9' title='bbox 1025 654 1064 707; x_wconf 91' lang='lat' dir='ltr'>ut</span> <span class='ocrx_word' id='word_1_10' title='bbox 1091 641 1236 709; x_wconf 84' lang='lat' dir='ltr'><strong>solverer</strong></span> 
     </span>
     <span class='ocr_line' id='line_1_3' title="bbox 159 751 1235 840; baseline 0.001 -19"><span class='ocrx_word' id='word_1_11' title='bbox 159 753 338 821; x_wconf 86' lang='lat' dir='ltr'>evinculis</span> <span class='ocrx_word' id='word_1_12' title='bbox 361 752 517 836; x_wconf 81' lang='grc' dir='ltr'><strong><em>τριβιλιιν</em></strong></span> <span class='ocrx_word' id='word_1_13' title='bbox 540 751 686 829; x_wconf 90' lang='lat' dir='ltr'>illarum,</span> <span class='ocrx_word' id='word_1_14' title='bbox 726 767 759 818; x_wconf 89' lang='lat' dir='ltr'>et</span> <span class='ocrx_word' id='word_1_15' title='bbox 788 753 941 830; x_wconf 84' lang='lat' dir='ltr'>verbum,</span> <span class='ocrx_word' id='word_1_16' title='bbox 980 753 1069 840; x_wconf 91' lang='lat' dir='ltr'>quod</span> <span class='ocrx_word' id='word_1_17' title='bbox 1097 769 1156 819; x_wconf 88' lang='lat' dir='ltr'>tua</span> <span class='ocrx_word' id='word_1_18' title='bbox 1185 760 1235 822; x_wconf 87' lang='lat' dir='ltr'>vis</span> 
     </span>
    </p>
   </div>
   <div class='ocr_carea' id='block_1_3' title="bbox 159 862 1234 956">
    <p class='ocr_par' dir='ltr' id='par_1_3' title="bbox 159 862 1234 956">
     <span class='ocr_line' id='line_1_4' title="bbox 159 862 1234 956; baseline 0.001 -24"><span class='ocrx_word' id='word_1_19' title='bbox 159 867 253 932; x_wconf 81' lang='lat' dir='ltr'>dixit:</span> <span class='ocrx_word' id='word_1_20' title='bbox 277 869 355 952; x_wconf 83' lang='lat' dir='ltr'>„qui</span> <span class='ocrx_word' id='word_1_21' title='bbox 378 862 513 952; x_wconf 76' lang='grc' dir='ltr'><strong><em>ιτστιιξε</em></strong></span> <span class='ocrx_word' id='word_1_22' title='bbox 537 879 722 951; x_wconf 86' lang='lat' dir='ltr'><strong>serpentem</strong></span> <span class='ocrx_word' id='word_1_23' title='bbox 746 889 820 930; x_wconf 91' lang='lat' dir='ltr'>cum</span> <span class='ocrx_word' id='word_1_24' title='bbox 837 881 961 954; x_wconf 84' lang='lat' dir='ltr'><strong>septem</strong></span> <span class='ocrx_word' id='word_1_25' title='bbox 978 869 1137 956; x_wconf 83' lang='lat' dir='ltr'><strong>capitibus</strong></span> <span class='ocrx_word' id='word_1_26' title='bbox 1153 873 1234 934; x_wconf 87' lang='lat' dir='ltr'>meis</span> 
     </span>
    </p>
   </div>
   <div class='ocr_carea' id='block_1_4' title="bbox 109 981 1350 4254">
    <p class='ocr_par' dir='ltr' id='par_1_4' title="bbox 109 981 1350 4254">
     <span class='ocr_line' id='line_1_5' title="bbox 160 981 1236 1067; baseline 0.003 -23"><span class='ocrx_word' id='word_1_27' title='bbox 160 981 310 1045; x_wconf 87' lang='lat' dir='ltr'>manibus</span> <span class='ocrx_word' id='word_1_28' title='bbox 335 993 368 1045; x_wconf 90' lang='lat' dir='ltr'>ct</span> <span class='ocrx_word' id='word_1_29' title='bbox 391 981 560 1043; x_wconf 90' lang='lat' dir='ltr'>constituit</span> <span class='ocrx_word' id='word_1_30' title='bbox 581 1001 634 1042; x_wconf 92' lang='lat' dir='ltr'><strong>me</strong></span> <span class='ocrx_word' id='word_1_31' title='bbox 658 1002 755 1067; x_wconf 88' lang='lat' dir='ltr'>super</span> <span class='ocrx_word' id='word_1_32' title='bbox 780 983 847 1044; x_wconf 89' lang='lat' dir='ltr'>eius</span> <span class='ocrx_word' id='word_1_33' title='bbox 871 982 1028 1057; x_wconf 88' lang='lat' dir='ltr'>radicem,</span> <span class='ocrx_word' id='word_1_34' title='bbox 1057 997 1096 1046; x_wconf 93' lang='lat' dir='ltr'>ut</span> <span class='ocrx_word' id='word_1_35' title='bbox 1119 984 1236 1048; x_wconf 84' lang='lat' dir='ltr'><strong>evelle·</strong></span> 
     </span>
     <span class='ocr_line' id='line_1_6' title="bbox 120 1091 1238 1180; baseline 0.004 -23"><span class='ocrx_word' id='word_1_36' title='bbox 120 1120 134 1157; x_wconf 80' lang='grc' dir='ltr'><strong><em>ι</em></strong></span> <span class='ocrx_word' id='word_1_37' title='bbox 161 1118 232 1160; x_wconf 91' lang='lat' dir='ltr'><strong>rem</strong></span> <span class='ocrx_word' id='word_1_38' title='bbox 256 1097 325 1158; x_wconf 89' lang='lat' dir='ltr'>eius</span> <span class='ocrx_word' id='word_1_39' title='bbox 349 1091 505 1176; x_wconf 81' lang='grc' dir='ltr'><strong><em>στερμιι,”</em></strong></span> <span class='ocrx_word' id='word_1_40' title='bbox 535 1095 646 1179; x_wconf 89' lang='lat' dir='ltr'>ipsum</span> <span class='ocrx_word' id='word_1_41' title='bbox 670 1106 720 1156; x_wconf 90' lang='lat' dir='ltr'>est</span> <span class='ocrx_word' id='word_1_42' title='bbox 740 1093 895 1170; x_wconf 87' lang='lat' dir='ltr'>verbum,</span> <span class='ocrx_word' id='word_1_43' title='bbox 921 1095 1011 1180; x_wconf 91' lang='lat' dir='ltr'>quod</span> <span class='ocrx_word' id='word_1_44' title='bbox 1039 1095 1120 1159; x_wconf 87' lang='lat' dir='ltr'>dixit</span> <span class='ocrx_word' id='word_1_45' title='bbox 1141 1119 1238 1168; x_wconf 85' lang='grc' dir='ltr'><strong><em>τιττις</em></strong></span> 
     </span>
     <span class='ocr_line' id='line_1_7' title="bbox 160 1196 1350 1296; baseline -0.002 -22"><span class='ocrx_word' id='word_1_46' title='bbox 160 1219 270 1292; x_wconf 64' lang='lat' dir='ltr'><strong>repre:</strong></span> <span class='ocrx_word' id='word_1_47' title='bbox 295 1219 329 1271; x_wconf 88' lang='lat' dir='ltr'>et</span> <span class='ocrx_word' id='word_1_48' title='bbox 351 1202 507 1292; x_wconf 72' lang='grc' dir='ltr'><strong><em>ετιιτιιξιις</em></strong></span> <span class='ocrx_word' id='word_1_49' title='bbox 531 1217 716 1291; x_wconf 85' lang='lat' dir='ltr'><strong>serpentem</strong></span> <span class='ocrx_word' id='word_1_50' title='bbox 739 1226 814 1269; x_wconf 92' lang='lat' dir='ltr'>cum</span> <span class='ocrx_word' id='word_1_51' title='bbox 837 1220 962 1293; x_wconf 88' lang='lat' dir='ltr'><strong>septem</strong></span> <span class='ocrx_word' id='word_1_52' title='bbox 981 1207 1139 1296; x_wconf 84' lang='lat' dir='ltr'><strong>capitibus</strong></span> <span class='ocrx_word' id='word_1_53' title='bbox 1155 1211 1235 1274; x_wconf 85' lang='lat' dir='ltr'>meis</span> <span class='ocrx_word' id='word_1_54' title='bbox 1278 1196 1350 1272; x_wconf 82' lang='lat'>158</span> 
     </span>
     <span class='ocr_line' id='line_1_8' title="bbox 160 1320 1237 1410; baseline 0.001 -25"><span class='ocrx_word' id='word_1_55' title='bbox 160 1320 312 1386; x_wconf 89' lang='lat' dir='ltr'>manibus</span> <span class='ocrx_word' id='word_1_56' title='bbox 342 1333 375 1383; x_wconf 86' lang='lat' dir='ltr'>et</span> <span class='ocrx_word' id='word_1_57' title='bbox 403 1321 600 1383; x_wconf 87' lang='lat' dir='ltr'>constituisti</span> <span class='ocrx_word' id='word_1_58' title='bbox 632 1341 685 1382; x_wconf 91' lang='lat' dir='ltr'><strong>me</strong></span> <span class='ocrx_word' id='word_1_59' title='bbox 716 1341 814 1406; x_wconf 87' lang='lat' dir='ltr'>super</span> <span class='ocrx_word' id='word_1_60' title='bbox 845 1323 913 1384; x_wconf 91' lang='lat' dir='ltr'>eius</span> <span class='ocrx_word' id='word_1_61' title='bbox 942 1325 1033 1398; x_wconf 75' lang='grc' dir='ltr'><strong><em>ὐλιιν,</em></strong></span> <span class='ocrx_word' id='word_1_62' title='bbox 1067 1322 1237 1410; x_wconf 86' lang='lat' dir='ltr'>perdidisti</span> 
     </span>
     <span class='ocr_line' id='line_1_9' title="bbox 165 1433 1238 1518; baseline 0.001 -19"><span class='ocrx_word' id='word_1_63' title='bbox 165 1457 255 1510; x_wconf 89' lang='lat' dir='ltr'>eum,</span> <span class='ocrx_word' id='word_1_64' title='bbox 284 1445 385 1496; x_wconf 89' lang='lat' dir='ltr'>utne</span> <span class='ocrx_word' id='word_1_65' title='bbox 409 1435 478 1496; x_wconf 89' lang='lat' dir='ltr'>eius</span> <span class='ocrx_word' id='word_1_66' title='bbox 502 1459 624 1516; x_wconf 83' lang='grc' dir='ltr'><strong><em>στιρμιι</em></strong></span> <span class='ocrx_word' id='word_1_67' title='bbox 649 1447 797 1518; x_wconf 80' lang='lat' dir='ltr'><strong>surgeret</strong></span> <span class='ocrx_word' id='word_1_68' title='bbox 824 1433 899 1498; x_wconf 89' lang='lat' dir='ltr'>inde</span> <span class='ocrx_word' id='word_1_69' title='bbox 923 1433 964 1498; x_wconf 87' lang='lat' dir='ltr'><strong>eb</strong></span> <span class='ocrx_word' id='word_1_70' title='bbox 987 1434 1048 1498; x_wconf 86' lang='lat' dir='ltr'>hac</span> <span class='ocrx_word' id='word_1_71' title='bbox 1077 1435 1172 1513; x_wconf 88' lang='lat' dir='ltr'>hora,</span> <span class='ocrx_word' id='word_1_72' title='bbox 1205 1448 1238 1500; x_wconf 86' lang='lat' dir='ltr'>et</span> 
     </span>
     <span class='ocr_line' id='line_1_10' title="bbox 164 1543 1236 1632; baseline 0.001 -20"><span class='ocrx_word' id='word_1_73' title='bbox 164 1547 317 1623; x_wconf 85' lang='lat' dir='ltr'><strong>verbum,</strong></span> <span class='ocrx_word' id='word_1_74' title='bbox 342 1543 429 1632; x_wconf 92' lang='lat' dir='ltr'>quod</span> <span class='ocrx_word' id='word_1_75' title='bbox 451 1560 511 1610; x_wconf 91' lang='lat' dir='ltr'>tua</span> <span class='ocrx_word' id='word_1_76' title='bbox 532 1549 582 1610; x_wconf 83' lang='lat' dir='ltr'>vis</span> <span class='ocrx_word' id='word_1_77' title='bbox 607 1544 700 1609; x_wconf 84' lang='lat' dir='ltr'>dixit:</span> <span class='ocrx_word' id='word_1_78' title='bbox 725 1559 777 1622; x_wconf 90' lang='lat' dir='ltr'>„et</span> <span class='ocrx_word' id='word_1_79' title='bbox 798 1558 836 1610; x_wconf 90' lang='lat' dir='ltr'>tu</span> <span class='ocrx_word' id='word_1_80' title='bbox 850 1568 980 1611; x_wconf 90' lang='lat' dir='ltr'>mecum</span> <span class='ocrx_word' id='word_1_81' title='bbox 996 1570 1081 1625; x_wconf 62' lang='lat' dir='ltr'><strong>eras,</strong></span> <span class='ocrx_word' id='word_1_82' title='bbox 1100 1548 1236 1612; x_wconf 89' lang='lat' dir='ltr'>adiuva-</span> 
     </span>
     <span class='ocr_line' id='line_1_11' title="bbox 109 1659 1238 1746; baseline -0.002 -19"><span class='ocrx_word' id='word_1_83' title='bbox 109 1687 136 1727; x_wconf 83' lang='lat' dir='ltr'><strong>re</strong></span> <span class='ocrx_word' id='word_1_84' title='bbox 162 1661 222 1726; x_wconf 86' lang='lat' dir='ltr'>bas</span> <span class='ocrx_word' id='word_1_85' title='bbox 246 1659 335 1736; x_wconf 86' lang='lat' dir='ltr'><strong>me,&#39;&#39;</strong></span> <span class='ocrx_word' id='word_1_86' title='bbox 358 1663 467 1746; x_wconf 88' lang='lat' dir='ltr'>ipsum</span> <span class='ocrx_word' id='word_1_87' title='bbox 491 1659 712 1733; x_wconf 73' lang='lat' dir='ltr'>est&#39;verbum</span> <span class='ocrx_word' id='word_1_88' title='bbox 737 1659 827 1746; x_wconf 87' lang='lat' dir='ltr'>quod</span> <span class='ocrx_word' id='word_1_89' title='bbox 850 1659 931 1723; x_wconf 88' lang='lat' dir='ltr'>dixit</span> <span class='ocrx_word' id='word_1_90' title='bbox 952 1687 1049 1732; x_wconf 89' lang='grc' dir='ltr'><strong><em>τιστις</em></strong></span> <span class='ocrx_word' id='word_1_91' title='bbox 1068 1671 1179 1746; x_wconf 72' lang='lat' dir='ltr'>repra:</span> <span class='ocrx_word' id='word_1_92' title='bbox 1204 1675 1238 1726; x_wconf 91' lang='lat' dir='ltr'>et</span> 
     </span>
     <span class='ocr_line' id='line_1_12' title="bbox 161 1773 1236 1850; baseline -0.002 -10"><span class='ocrx_word' id='word_1_93' title='bbox 161 1790 199 1840; x_wconf 90' lang='lat' dir='ltr'>tu</span> <span class='ocrx_word' id='word_1_94' title='bbox 222 1797 294 1839; x_wconf 88' lang='lat' dir='ltr'>eras</span> <span class='ocrx_word' id='word_1_95' title='bbox 318 1795 462 1849; x_wconf 88' lang='lat' dir='ltr'>mecum,</span> <span class='ocrx_word' id='word_1_96' title='bbox 492 1773 572 1838; x_wconf 89' lang='lat' dir='ltr'>dans</span> <span class='ocrx_word' id='word_1_97' title='bbox 595 1777 664 1836; x_wconf 86' lang='lat' dir='ltr'>vim</span> <span class='ocrx_word' id='word_1_98' title='bbox 686 1773 765 1837; x_wconf 92' lang='lat' dir='ltr'>mihi</span> <span class='ocrx_word' id='word_1_99' title='bbox 788 1778 822 1836; x_wconf 91' lang='lat' dir='ltr'>in</span> <span class='ocrx_word' id='word_1_100' title='bbox 843 1775 893 1837; x_wconf 90' lang='lat' dir='ltr'>his</span> <span class='ocrx_word' id='word_1_101' title='bbox 917 1773 1083 1850; x_wconf 90' lang='lat' dir='ltr'>omnibus,</span> <span class='ocrx_word' id='word_1_102' title='bbox 1108 1788 1141 1839; x_wconf 88' lang='lat' dir='ltr'>et</span> <span class='ocrx_word' id='word_1_103' title='bbox 1161 1796 1236 1838; x_wconf 89' lang='lat' dir='ltr'><strong>ver·</strong></span> 
     </span>
     <span class='ocr_line' id='line_1_13' title="bbox 160 1886 1238 1974; baseline 0 -21"><span class='ocrx_word' id='word_1_104' title='bbox 160 1889 257 1965; x_wconf 87' lang='lat' dir='ltr'>bum,</span> <span class='ocrx_word' id='word_1_105' title='bbox 289 1888 378 1974; x_wconf 91' lang='lat' dir='ltr'>quod</span> <span class='ocrx_word' id='word_1_106' title='bbox 402 1901 459 1952; x_wconf 88' lang='lat' dir='ltr'>tua</span> <span class='ocrx_word' id='word_1_107' title='bbox 481 1891 531 1951; x_wconf 85' lang='lat' dir='ltr'>vis</span> <span class='ocrx_word' id='word_1_108' title='bbox 556 1886 650 1951; x_wconf 86' lang='lat' dir='ltr'>dixit:</span> <span class='ocrx_word' id='word_1_109' title='bbox 682 1900 741 1964; x_wconf 94' lang='lat' dir='ltr'>„et</span> <span class='ocrx_word' id='word_1_110' title='bbox 766 1900 860 1952; x_wconf 88' lang='lat' dir='ltr'>tuum</span> <span class='ocrx_word' id='word_1_111' title='bbox 882 1911 1003 1952; x_wconf 91' lang='lat' dir='ltr'>nomen</span> <span class='ocrx_word' id='word_1_112' title='bbox 1026 1886 1238 1953; x_wconf 86' lang='lat' dir='ltr'>circumdedit</span> 
     </span>
     <span class='ocr_line' id='line_1_14' title="bbox 162 2001 1239 2088; baseline 0.002 -21"><span class='ocrx_word' id='word_1_113' title='bbox 162 2027 216 2068; x_wconf 86' lang='lat' dir='ltr'><strong>me</strong></span> <span class='ocrx_word' id='word_1_114' title='bbox 239 2005 386 2066; x_wconf 88' lang='lat' dir='ltr'>inomni</span> <span class='ocrx_word' id='word_1_115' title='bbox 409 2001 510 2078; x_wconf 87' lang='lat' dir='ltr'>loco”‚</span> <span class='ocrx_word' id='word_1_116' title='bbox 539 2004 648 2088; x_wconf 90' lang='lat' dir='ltr'>ipsum</span> <span class='ocrx_word' id='word_1_117' title='bbox 673 2015 722 2066; x_wconf 87' lang='lat' dir='ltr'>est</span> <span class='ocrx_word' id='word_1_118' title='bbox 743 2001 898 2078; x_wconf 87' lang='lat' dir='ltr'>verbum,</span> <span class='ocrx_word' id='word_1_119' title='bbox 923 2002 1014 2088; x_wconf 86' lang='lat' dir='ltr'>quod</span> <span class='ocrx_word' id='word_1_120' title='bbox 1041 2002 1122 2066; x_wconf 92' lang='lat' dir='ltr'>dixit</span> <span class='ocrx_word' id='word_1_121' title='bbox 1143 2027 1239 2074; x_wconf 81' lang='grc' dir='ltr'><strong><em>τιστις</em></strong></span> 
     </span>
     <span class='ocr_line' id='line_1_15' title="bbox 165 2115 1237 2202; baseline 0.001 -22"><span class='ocrx_word' id='word_1_122' title='bbox 165 2126 278 2202; x_wconf 65' lang='lat' dir='ltr'>cepte:</span> <span class='ocrx_word' id='word_1_123' title='bbox 310 2130 343 2180; x_wconf 88' lang='lat' dir='ltr'>et</span> <span class='ocrx_word' id='word_1_124' title='bbox 365 2129 458 2178; x_wconf 89' lang='lat' dir='ltr'>tuum</span> <span class='ocrx_word' id='word_1_125' title='bbox 485 2115 598 2178; x_wconf 87' lang='lat' dir='ltr'>lumen</span> <span class='ocrx_word' id='word_1_126' title='bbox 628 2115 840 2180; x_wconf 84' lang='lat' dir='ltr'>circumdedit</span> <span class='ocrx_word' id='word_1_127' title='bbox 868 2138 922 2180; x_wconf 90' lang='lat' dir='ltr'><strong>me</strong></span> <span class='ocrx_word' id='word_1_128' title='bbox 949 2119 983 2179; x_wconf 92' lang='lat' dir='ltr'>in</span> <span class='ocrx_word' id='word_1_129' title='bbox 1014 2139 1129 2180; x_wconf 87' lang='lat' dir='ltr'>eorum</span> <span class='ocrx_word' id='word_1_130' title='bbox 1158 2117 1237 2181; x_wconf 88' lang='lat' dir='ltr'>locis</span> 
     </span>
     <span class='ocr_line' id='line_1_16' title="bbox 113 2228 1238 2316; baseline 0.002 -24"><span class='ocrx_word' id='word_1_131' title='bbox 113 2251 139 2292; x_wconf 84' lang='lat' dir='ltr'>rs</span> <span class='ocrx_word' id='word_1_132' title='bbox 170 2229 331 2304; x_wconf 90' lang='lat' dir='ltr'>omnibus,</span> <span class='ocrx_word' id='word_1_133' title='bbox 356 2241 389 2292; x_wconf 90' lang='lat' dir='ltr'>ct</span> <span class='ocrx_word' id='word_1_134' title='bbox 410 2229 557 2304; x_wconf 79' lang='lat' dir='ltr'>verbum,</span> <span class='ocrx_word' id='word_1_135' title='bbox 582 2229 671 2316; x_wconf 90' lang='lat' dir='ltr'>quod</span> <span class='ocrx_word' id='word_1_136' title='bbox 693 2243 752 2292; x_wconf 88' lang='lat' dir='ltr'>tua</span> <span class='ocrx_word' id='word_1_137' title='bbox 774 2233 823 2293; x_wconf 88' lang='lat' dir='ltr'>vis</span> <span class='ocrx_word' id='word_1_138' title='bbox 848 2228 943 2292; x_wconf 85' lang='lat' dir='ltr'>dixit:</span> <span class='ocrx_word' id='word_1_139' title='bbox 967 2243 1020 2305; x_wconf 90' lang='lat' dir='ltr'>„et</span> <span class='ocrx_word' id='word_1_140' title='bbox 1042 2244 1100 2293; x_wconf 89' lang='lat' dir='ltr'>tua</span> <span class='ocrx_word' id='word_1_141' title='bbox 1123 2229 1238 2294; x_wconf 87' lang='lat' dir='ltr'>dextra</span> 
     </span>
     <span class='ocr_line' id='line_1_17' title="bbox 163 2342 1238 2433; baseline -0.001 -24"><span class='ocrx_word' id='word_1_142' title='bbox 163 2343 306 2433; x_wconf 88' lang='lat' dir='ltr'>perdidit</span> <span class='ocrx_word' id='word_1_143' title='bbox 328 2365 491 2406; x_wconf 91' lang='lat' dir='ltr'>venenum</span> <span class='ocrx_word' id='word_1_144' title='bbox 513 2344 611 2407; x_wconf 84' lang='lat' dir='ltr'>huius</span> <span class='ocrx_word' id='word_1_145' title='bbox 635 2345 690 2430; x_wconf 91' lang='lat' dir='ltr'>qui</span> <span class='ocrx_word' id='word_1_146' title='bbox 713 2342 790 2406; x_wconf 90' lang='lat' dir='ltr'>dicit</span> <span class='ocrx_word' id='word_1_147' title='bbox 805 2343 956 2420; x_wconf 88' lang='lat' dir='ltr'>malum,”</span> <span class='ocrx_word' id='word_1_148' title='bbox 979 2347 1088 2431; x_wconf 91' lang='lat' dir='ltr'>ipsum</span> <span class='ocrx_word' id='word_1_149' title='bbox 1104 2356 1238 2408; x_wconf 87' lang='lat' dir='ltr'><strong>estver·</strong></span> 
     </span>
     <span class='ocr_line' id='line_1_18' title="bbox 162 2457 1237 2545; baseline -0.002 -22"><span class='ocrx_word' id='word_1_150' title='bbox 162 2460 257 2536; x_wconf 89' lang='lat' dir='ltr'>hum,</span> <span class='ocrx_word' id='word_1_151' title='bbox 282 2457 372 2544; x_wconf 92' lang='lat' dir='ltr'>quod</span> <span class='ocrx_word' id='word_1_152' title='bbox 396 2457 477 2520; x_wconf 86' lang='lat' dir='ltr'>dixit</span> <span class='ocrx_word' id='word_1_153' title='bbox 500 2483 594 2526; x_wconf 88' lang='grc' dir='ltr'><strong><em>τιστις</em></strong></span> <span class='ocrx_word' id='word_1_154' title='bbox 616 2468 728 2543; x_wconf 73' lang='lat' dir='ltr'>repra:</span> <span class='ocrx_word' id='word_1_155' title='bbox 757 2471 790 2521; x_wconf 90' lang='lat' dir='ltr'>et</span> <span class='ocrx_word' id='word_1_156' title='bbox 811 2480 871 2545; x_wconf 89' lang='lat' dir='ltr'><strong>per</strong></span> <span class='ocrx_word' id='word_1_157' title='bbox 893 2471 925 2521; x_wconf 89' lang='lat' dir='ltr'>te</span> <span class='ocrx_word' id='word_1_158' title='bbox 949 2457 1055 2522; x_wconf 82' lang='lat' dir='ltr'>sactae</span> <span class='ocrx_word' id='word_1_159' title='bbox 1079 2471 1155 2522; x_wconf 88' lang='lat' dir='ltr'>sunt</span> <span class='ocrx_word' id='word_1_160' title='bbox 1176 2459 1237 2521; x_wconf 90' lang='lat' dir='ltr'>im·</span> 
     </span>
     <span class='ocr_line' id='line_1_19' title="bbox 162 2569 1238 2661; baseline -0.004 -23"><span class='ocrx_word' id='word_1_161' title='bbox 162 2586 314 2661; x_wconf 88' lang='lat' dir='ltr'>potentes</span> <span class='ocrx_word' id='word_1_162' title='bbox 346 2573 496 2656; x_wconf 77' lang='grc' dir='ltr'><strong><em>τριβιλιιι</em></strong></span> <span class='ocrx_word' id='word_1_163' title='bbox 524 2569 685 2648; x_wconf 65' lang='lat' dir='ltr'>uvicione,</span> <span class='ocrx_word' id='word_1_164' title='bbox 725 2571 814 2658; x_wconf 92' lang='lat' dir='ltr'>quod</span> <span class='ocrx_word' id='word_1_165' title='bbox 851 2571 1014 2636; x_wconf 87' lang='lat' dir='ltr'>abstulisti</span> <span class='ocrx_word' id='word_1_166' title='bbox 1047 2571 1159 2635; x_wconf 88' lang='lat' dir='ltr'>lumen</span> <span class='ocrx_word' id='word_1_167' title='bbox 1187 2571 1238 2636; x_wconf 87' lang='lat' dir='ltr'>vis</span> 
     </span>
     <span class='ocr_line' id='line_1_20' title="bbox 166 2683 1238 2771; baseline -0.003 -21"><span class='ocrx_word' id='word_1_168' title='bbox 166 2709 244 2750; x_wconf 87' lang='lat' dir='ltr'>suae</span> <span class='ocrx_word' id='word_1_169' title='bbox 268 2685 309 2748; x_wconf 91' lang='lat' dir='ltr'>ab</span> <span class='ocrx_word' id='word_1_170' title='bbox 332 2688 385 2760; x_wconf 88' lang='lat' dir='ltr'>iis,</span> <span class='ocrx_word' id='word_1_171' title='bbox 402 2697 445 2756; x_wconf 55' lang='lat' dir='ltr'>,et</span> <span class='ocrx_word' id='word_1_172' title='bbox 466 2683 615 2760; x_wconf 87' lang='lat' dir='ltr'>verbum,</span> <span class='ocrx_word' id='word_1_173' title='bbox 640 2683 729 2771; x_wconf 92' lang='lat' dir='ltr'>quod</span> <span class='ocrx_word' id='word_1_174' title='bbox 751 2699 810 2748; x_wconf 89' lang='lat' dir='ltr'>tua</span> <span class='ocrx_word' id='word_1_175' title='bbox 831 2688 881 2748; x_wconf 85' lang='lat' dir='ltr'>vis</span> <span class='ocrx_word' id='word_1_176' title='bbox 905 2685 998 2749; x_wconf 88' lang='lat' dir='ltr'>dixit:</span> <span class='ocrx_word' id='word_1_177' title='bbox 1022 2699 1099 2762; x_wconf 86' lang='lat' dir='ltr'>„tua</span> <span class='ocrx_word' id='word_1_178' title='bbox 1120 2705 1238 2748; x_wconf 87' lang='lat' dir='ltr'>manus</span> 
     </span>
     <span class='ocr_line' id='line_1_21' title="bbox 112 2797 1240 2885; baseline 0 -24"><span class='ocrx_word' id='word_1_179' title='bbox 112 2821 139 2861; x_wconf 84' lang='lat' dir='ltr'>ee</span> <span class='ocrx_word' id='word_1_180' title='bbox 168 2802 285 2864; x_wconf 87' lang='lat' dir='ltr'>stravit</span> <span class='ocrx_word' id='word_1_181' title='bbox 306 2802 394 2862; x_wconf 87' lang='lat' dir='ltr'>viam</span> <span class='ocrx_word' id='word_1_182' title='bbox 417 2801 482 2862; x_wconf 90' lang='lat' dir='ltr'>tuis</span> <span class='ocrx_word' id='word_1_183' title='bbox 505 2798 643 2874; x_wconf 85' lang='grc' dir='ltr'><strong><em>τιστσις,”</em></strong></span> <span class='ocrx_word' id='word_1_184' title='bbox 673 2802 782 2885; x_wconf 91' lang='lat' dir='ltr'>ipsum</span> <span class='ocrx_word' id='word_1_185' title='bbox 806 2797 1023 2874; x_wconf 87' lang='lat' dir='ltr'>estverbum,</span> <span class='ocrx_word' id='word_1_186' title='bbox 1047 2798 1137 2883; x_wconf 88' lang='lat' dir='ltr'>quod</span> <span class='ocrx_word' id='word_1_187' title='bbox 1159 2798 1240 2862; x_wconf 84' lang='lat' dir='ltr'>dixit</span> 
     </span>
     <span class='ocr_line' id='line_1_22' title="bbox 164 2909 1239 2997; baseline -0.005 -18"><span class='ocrx_word' id='word_1_188' title='bbox 164 2937 260 2981; x_wconf 87' lang='grc' dir='ltr'><strong><em>τιστις</em></strong></span> <span class='ocrx_word' id='word_1_189' title='bbox 283 2921 395 2997; x_wconf 72' lang='lat' dir='ltr'><strong>repre:</strong></span> <span class='ocrx_word' id='word_1_190' title='bbox 427 2909 570 2975; x_wconf 88' lang='lat' dir='ltr'>direxisti</span> <span class='ocrx_word' id='word_1_191' title='bbox 597 2935 707 2976; x_wconf 87' lang='lat' dir='ltr'>meam</span> <span class='ocrx_word' id='word_1_192' title='bbox 735 2915 824 2976; x_wconf 89' lang='lat' dir='ltr'>viam</span> <span class='ocrx_word' id='word_1_193' title='bbox 850 2909 893 2973; x_wconf 91' lang='lat' dir='ltr'>ad</span> <span class='ocrx_word' id='word_1_194' title='bbox 921 2909 1122 2974; x_wconf 85' lang='lat' dir='ltr'>educendam</span> <span class='ocrx_word' id='word_1_195' title='bbox 1143 2932 1197 2974; x_wconf 86' lang='lat' dir='ltr'><strong>me</strong></span> <span class='ocrx_word' id='word_1_196' title='bbox 1221 2930 1239 2974; x_wconf 84' lang='lat' dir='ltr'><strong>e</strong></span> 
     </span>
     <span class='ocr_line' id='line_1_23' title="bbox 166 3021 1239 3112; baseline -0.006 -22"><span class='ocrx_word' id='word_1_197' title='bbox 166 3028 262 3102; x_wconf 87' lang='lat' dir='ltr'>chao,</span> <span class='ocrx_word' id='word_1_198' title='bbox 288 3025 378 3112; x_wconf 90' lang='lat' dir='ltr'>quod</span> <span class='ocrx_word' id='word_1_199' title='bbox 401 3053 560 3091; x_wconf 78' lang='grc' dir='ltr'><strong><em>ιτιστιυσιι</em></strong></span> <span class='ocrx_word' id='word_1_200' title='bbox 582 3025 655 3102; x_wconf 89' lang='lat' dir='ltr'>tibi,</span> <span class='ocrx_word' id='word_1_201' title='bbox 686 3039 719 3089; x_wconf 89' lang='lat' dir='ltr'>et</span> <span class='ocrx_word' id='word_1_202' title='bbox 740 3023 895 3099; x_wconf 84' lang='lat' dir='ltr'>verbum,</span> <span class='ocrx_word' id='word_1_203' title='bbox 926 3021 1016 3108; x_wconf 87' lang='lat' dir='ltr'>quod</span> <span class='ocrx_word' id='word_1_204' title='bbox 1038 3036 1095 3085; x_wconf 88' lang='lat' dir='ltr'>tua</span> <span class='ocrx_word' id='word_1_205' title='bbox 1117 3023 1167 3085; x_wconf 84' lang='lat' dir='ltr'>vis</span> <span class='ocrx_word' id='word_1_206' title='bbox 1191 3021 1239 3084; x_wconf 92' lang='lat' dir='ltr'>di-</span> 
     </span>
     <span class='ocr_line' id='line_1_24' title="bbox 162 3133 1240 3225; baseline -0.008 -18"><span class='ocrx_word' id='word_1_207' title='bbox 162 3145 225 3207; x_wconf 89' lang='lat' dir='ltr'>xit:</span> <span class='ocrx_word' id='word_1_208' title='bbox 257 3140 449 3218; x_wconf 85' lang='lat' dir='ltr'>„redemisti</span> <span class='ocrx_word' id='word_1_209' title='bbox 474 3162 529 3204; x_wconf 91' lang='lat' dir='ltr'><strong>eos</strong></span> <span class='ocrx_word' id='word_1_210' title='bbox 554 3162 571 3203; x_wconf 93' lang='lat' dir='ltr'><strong>e</strong></span> <span class='ocrx_word' id='word_1_211' title='bbox 595 3149 704 3225; x_wconf 80' lang='grc' dir='ltr'><strong><em>τιιφιις</em></strong></span> <span class='ocrx_word' id='word_1_212' title='bbox 728 3152 761 3203; x_wconf 91' lang='lat' dir='ltr'>et</span> <span class='ocrx_word' id='word_1_213' title='bbox 788 3137 982 3202; x_wconf 83' lang='lat' dir='ltr'>transtulisti</span> <span class='ocrx_word' id='word_1_214' title='bbox 1005 3157 1061 3201; x_wconf 87' lang='lat' dir='ltr'><strong>eos</strong></span> <span class='ocrx_word' id='word_1_215' title='bbox 1085 3157 1103 3199; x_wconf 89' lang='lat' dir='ltr'><strong>e</strong></span> <span class='ocrx_word' id='word_1_216' title='bbox 1126 3133 1240 3199; x_wconf 87' lang='lat' dir='ltr'>mediis</span> 
     </span>
     <span class='ocr_line' id='line_1_25' title="bbox 167 3251 1239 3340; baseline -0.005 -22"><span class='ocrx_word' id='word_1_217' title='bbox 167 3255 405 3330; x_wconf 87' lang='lat' dir='ltr'>cadaveribus‚”</span> <span class='ocrx_word' id='word_1_218' title='bbox 428 3257 537 3340; x_wconf 90' lang='lat' dir='ltr'>ipsum</span> <span class='ocrx_word' id='word_1_219' title='bbox 561 3266 610 3317; x_wconf 92' lang='lat' dir='ltr'>est</span> <span class='ocrx_word' id='word_1_220' title='bbox 632 3253 784 3328; x_wconf 91' lang='lat' dir='ltr'>verbum,</span> <span class='ocrx_word' id='word_1_221' title='bbox 809 3251 899 3338; x_wconf 89' lang='lat' dir='ltr'>quod</span> <span class='ocrx_word' id='word_1_222' title='bbox 917 3251 998 3315; x_wconf 78' lang='lat' dir='ltr'>dixit</span> <span class='ocrx_word' id='word_1_223' title='bbox 1012 3275 1107 3317; x_wconf 90' lang='grc' dir='ltr'><strong><em>τιστις</em></strong></span> <span class='ocrx_word' id='word_1_224' title='bbox 1128 3259 1239 3334; x_wconf 74' lang='grc' dir='ltr'><strong><em>σιφιιιι</em></strong></span> 
     </span>
     <span class='ocr_line' id='line_1_26' title="bbox 114 3363 1240 3434; baseline 0.002 -6"><span class='ocrx_word' id='word_1_225' title='bbox 114 3387 141 3428; x_wconf 79' lang='grc' dir='ltr'>τι</span> <span class='ocrx_word' id='word_1_226' title='bbox 170 3383 204 3434; x_wconf 93' lang='lat' dir='ltr'>et</span> <span class='ocrx_word' id='word_1_227' title='bbox 225 3369 388 3433; x_wconf 88' lang='lat' dir='ltr'>redemisti</span> <span class='ocrx_word' id='word_1_228' title='bbox 412 3391 465 3432; x_wconf 92' lang='lat' dir='ltr'><strong>me</strong></span> <span class='ocrx_word' id='word_1_229' title='bbox 490 3391 507 3432; x_wconf 90' lang='lat' dir='ltr'><strong>e</strong></span> <span class='ocrx_word' id='word_1_230' title='bbox 531 3367 611 3431; x_wconf 84' lang='lat' dir='ltr'>chao</span> <span class='ocrx_word' id='word_1_231' title='bbox 637 3381 669 3431; x_wconf 94' lang='lat' dir='ltr'>et</span> <span class='ocrx_word' id='word_1_232' title='bbox 691 3367 884 3431; x_wconf 83' lang='lat' dir='ltr'>transtulisti</span> <span class='ocrx_word' id='word_1_233' title='bbox 908 3388 961 3430; x_wconf 90' lang='lat' dir='ltr'><strong>me</strong></span> <span class='ocrx_word' id='word_1_234' title='bbox 977 3387 994 3429; x_wconf 92' lang='lat' dir='ltr'><strong>e</strong></span> <span class='ocrx_word' id='word_1_235' title='bbox 1009 3363 1151 3428; x_wconf 89' lang='lat' dir='ltr'>tenebris</span> <span class='ocrx_word' id='word_1_236' title='bbox 1172 3363 1240 3430; x_wconf 78' lang='grc' dir='ltr'><strong><em>ὑλι-</em></strong></span> 
     </span>
     <span class='ocr_line' id='line_1_27' title="bbox 167 3479 1239 3570; baseline -0.004 -21"><span class='ocrx_word' id='word_1_237' title='bbox 167 3509 249 3559; x_wconf 84' lang='grc' dir='ltr'><strong><em>ιιιιις,</em></strong></span> <span class='ocrx_word' id='word_1_238' title='bbox 281 3506 364 3570; x_wconf 89' lang='lat' dir='ltr'>quae</span> <span class='ocrx_word' id='word_1_239' title='bbox 387 3486 477 3570; x_wconf 90' lang='lat' dir='ltr'>ipsae</span> <span class='ocrx_word' id='word_1_240' title='bbox 508 3493 585 3545; x_wconf 90' lang='lat' dir='ltr'>sunt</span> <span class='ocrx_word' id='word_1_241' title='bbox 606 3483 755 3564; x_wconf 75' lang='grc' dir='ltr'><strong><em>τριβιλιιι</em></strong></span> <span class='ocrx_word' id='word_1_242' title='bbox 783 3483 939 3568; x_wconf 81' lang='lat' dir='ltr'>caliginis,</span> <span class='ocrx_word' id='word_1_243' title='bbox 970 3502 1055 3566; x_wconf 89' lang='lat' dir='ltr'>quae</span> <span class='ocrx_word' id='word_1_244' title='bbox 1083 3482 1117 3542; x_wconf 89' lang='lat' dir='ltr'>in</span> <span class='ocrx_word' id='word_1_245' title='bbox 1148 3479 1239 3557; x_wconf 88' lang='lat' dir='ltr'>chao,</span> 
     </span>
     <span class='ocr_line' id='line_1_28' title="bbox 166 3595 1241 3684; baseline -0.004 -22"><span class='ocrx_word' id='word_1_246' title='bbox 166 3621 187 3662; x_wconf 92' lang='lat' dir='ltr'>a</span> <span class='ocrx_word' id='word_1_247' title='bbox 211 3598 329 3684; x_wconf 90' lang='lat' dir='ltr'>quibus</span> <span class='ocrx_word' id='word_1_248' title='bbox 355 3619 452 3661; x_wconf 89' lang='lat' dir='ltr'>suum</span> <span class='ocrx_word' id='word_1_249' title='bbox 474 3596 586 3659; x_wconf 87' lang='lat' dir='ltr'>lumen</span> <span class='ocrx_word' id='word_1_250' title='bbox 613 3596 788 3672; x_wconf 90' lang='lat' dir='ltr'>abstulisti,</span> <span class='ocrx_word' id='word_1_251' title='bbox 821 3610 854 3660; x_wconf 90' lang='lat' dir='ltr'>ct</span> <span class='ocrx_word' id='word_1_252' title='bbox 883 3596 1034 3672; x_wconf 89' lang='lat' dir='ltr'>verbum,</span> <span class='ocrx_word' id='word_1_253' title='bbox 1070 3595 1160 3682; x_wconf 91' lang='lat' dir='ltr'>quod</span> <span class='ocrx_word' id='word_1_254' title='bbox 1182 3607 1241 3659; x_wconf 88' lang='lat' dir='ltr'>tua</span> 
     </span>
     <span class='ocr_line' id='line_1_29' title="bbox 166 3709 1239 3790; baseline -0.005 -15"><span class='ocrx_word' id='word_1_255' title='bbox 166 3716 216 3776; x_wconf 86' lang='lat' dir='ltr'>vis</span> <span class='ocrx_word' id='word_1_256' title='bbox 241 3712 334 3775; x_wconf 89' lang='lat' dir='ltr'>dixit:</span> <span class='ocrx_word' id='word_1_257' title='bbox 359 3713 522 3787; x_wconf 88' lang='lat' dir='ltr'>„sumsisti</span> <span class='ocrx_word' id='word_1_258' title='bbox 540 3733 615 3774; x_wconf 87' lang='lat' dir='ltr'>ossa</span> <span class='ocrx_word' id='word_1_259' title='bbox 637 3725 780 3787; x_wconf 85' lang='lat' dir='ltr'>mortua,</span> <span class='ocrx_word' id='word_1_260' title='bbox 807 3710 941 3776; x_wconf 89' lang='lat' dir='ltr'>induisti</span> <span class='ocrx_word' id='word_1_261' title='bbox 963 3715 1000 3774; x_wconf 90' lang='lat' dir='ltr'>iis</span> <span class='ocrx_word' id='word_1_262' title='bbox 1025 3737 1118 3790; x_wconf 83' lang='grc' dir='ltr'><strong><em>σωμιι</em></strong></span> <span class='ocrx_word' id='word_1_263' title='bbox 1142 3709 1239 3783; x_wconf 90' lang='lat' dir='ltr'>ethi,</span> 
     </span>
     <span class='ocr_line' id='line_1_30' title="bbox 170 3823 1242 3909; baseline -0.003 -24"><span class='ocrx_word' id='word_1_264' title='bbox 170 3827 226 3908; x_wconf 89' lang='lat' dir='ltr'>qui</span> <span class='ocrx_word' id='word_1_265' title='bbox 247 3847 316 3886; x_wconf 90' lang='lat' dir='ltr'>non</span> <span class='ocrx_word' id='word_1_266' title='bbox 337 3839 472 3889; x_wconf 87' lang='lat' dir='ltr'>movent</span> <span class='ocrx_word' id='word_1_267' title='bbox 496 3847 545 3901; x_wconf 85' lang='lat' dir='ltr'><strong>se,</strong></span> <span class='ocrx_word' id='word_1_268' title='bbox 569 3824 685 3889; x_wconf 88' lang='lat' dir='ltr'>dedisti</span> <span class='ocrx_word' id='word_1_269' title='bbox 707 3829 745 3889; x_wconf 91' lang='lat' dir='ltr'>iis</span> <span class='ocrx_word' id='word_1_270' title='bbox 770 3852 910 3909; x_wconf 78' lang='grc' dir='ltr'><strong><em>ενεργειιιι</em></strong></span> <span class='ocrx_word' id='word_1_271' title='bbox 924 3823 1038 3898; x_wconf 86' lang='lat' dir='ltr'>vitac,”</span> <span class='ocrx_word' id='word_1_272' title='bbox 1068 3826 1176 3907; x_wconf 90' lang='lat' dir='ltr'>ipsum</span> <span class='ocrx_word' id='word_1_273' title='bbox 1192 3831 1242 3883; x_wconf 90' lang='lat' dir='ltr'>est</span> 
     </span>
     <span class='ocr_line' id='line_1_31' title="bbox 115 3933 1240 4023; baseline -0.002 -25"><span class='ocrx_word' id='word_1_274' title='bbox 115 3955 142 3998; x_wconf 79' lang='lat' dir='ltr'>sc</span> <span class='ocrx_word' id='word_1_275' title='bbox 169 3935 325 4012; x_wconf 82' lang='lat' dir='ltr'>verbum,</span> <span class='ocrx_word' id='word_1_276' title='bbox 349 3937 438 4023; x_wconf 89' lang='lat' dir='ltr'>quod</span> <span class='ocrx_word' id='word_1_277' title='bbox 462 3939 542 4003; x_wconf 90' lang='lat' dir='ltr'>dixit</span> <span class='ocrx_word' id='word_1_278' title='bbox 564 3965 658 4008; x_wconf 88' lang='grc' dir='ltr'><strong><em>τιστις</em></strong></span> <span class='ocrx_word' id='word_1_279' title='bbox 679 3949 792 4022; x_wconf 72' lang='lat' dir='ltr'><strong>repre:</strong></span> <span class='ocrx_word' id='word_1_280' title='bbox 816 3949 849 4000; x_wconf 90' lang='lat' dir='ltr'>ct</span> <span class='ocrx_word' id='word_1_281' title='bbox 871 3935 1032 4001; x_wconf 90' lang='lat' dir='ltr'>abstulisti</span> <span class='ocrx_word' id='word_1_282' title='bbox 1049 3954 1139 3996; x_wconf 86' lang='lat' dir='ltr'>meas</span> <span class='ocrx_word' id='word_1_283' title='bbox 1154 3933 1240 3996; x_wconf 85' lang='lat' dir='ltr'>vires</span> 
     </span>
     <span class='ocr_line' id='line_1_32' title="bbox 170 4046 1242 4137; baseline -0.004 -22"><span class='ocrx_word' id='word_1_284' title='bbox 170 4071 299 4126; x_wconf 86' lang='lat' dir='ltr'>omnes,</span> <span class='ocrx_word' id='word_1_285' title='bbox 335 4053 369 4114; x_wconf 88' lang='lat' dir='ltr'>in</span> <span class='ocrx_word' id='word_1_286' title='bbox 399 4052 515 4137; x_wconf 89' lang='lat' dir='ltr'>quibus</span> <span class='ocrx_word' id='word_1_287' title='bbox 538 4053 665 4118; x_wconf 91' lang='lat' dir='ltr'>nullum</span> <span class='ocrx_word' id='word_1_288' title='bbox 688 4052 813 4126; x_wconf 90' lang='lat' dir='ltr'>lumen,</span> <span class='ocrx_word' id='word_1_289' title='bbox 843 4063 876 4114; x_wconf 89' lang='lat' dir='ltr'>et</span> <span class='ocrx_word' id='word_1_290' title='bbox 897 4047 1041 4112; x_wconf 91' lang='lat' dir='ltr'>indidisti</span> <span class='ocrx_word' id='word_1_291' title='bbox 1063 4048 1108 4110; x_wconf 89' lang='lat' dir='ltr'>eis</span> <span class='ocrx_word' id='word_1_292' title='bbox 1130 4046 1242 4111; x_wconf 90' lang='lat' dir='ltr'>lumen</span> 
     </span>
     <span class='ocr_line' id='line_1_33' title="bbox 168 4160 1242 4254; baseline -0.003 -24"><span class='ocrx_word' id='word_1_293' title='bbox 168 4187 307 4254; x_wconf 91' lang='lat' dir='ltr'>purum,</span> <span class='ocrx_word' id='word_1_294' title='bbox 341 4179 375 4230; x_wconf 90' lang='lat' dir='ltr'>et</span> <span class='ocrx_word' id='word_1_295' title='bbox 395 4171 476 4234; x_wconf 86' lang='lat' dir='ltr'>meis</span> <span class='ocrx_word' id='word_1_296' title='bbox 499 4182 621 4254; x_wconf 83' lang='grc' dir='ltr'><strong><em>μιλισιι</em></strong></span> <span class='ocrx_word' id='word_1_297' title='bbox 645 4165 813 4242; x_wconf 88' lang='lat' dir='ltr'>omnibus,</span> <span class='ocrx_word' id='word_1_298' title='bbox 845 4166 880 4228; x_wconf 90' lang='lat' dir='ltr'>in</span> <span class='ocrx_word' id='word_1_299' title='bbox 902 4161 1020 4250; x_wconf 83' lang='lat' dir='ltr'>quibus</span> <span class='ocrx_word' id='word_1_300' title='bbox 1042 4160 1170 4226; x_wconf 88' lang='lat' dir='ltr'>nullum</span> <span class='ocrx_word' id='word_1_301' title='bbox 1190 4161 1242 4227; x_wconf 91' lang='lat' dir='ltr'>lu·</span> 
     </span>
    </p>
   </div>
   <div class='ocr_carea' id='block_1_5' title="bbox 250 4390 1236 4476">
    <p class='ocr_par' dir='ltr' id='par_1_5' title="bbox 250 4390 1236 4476">
     <span class='ocr_line' id='line_1_34' title="bbox 250 4390 1236 4476; baseline -0.005 -21"><span class='ocrx_word' id='word_1_302' title='bbox 250 4396 280 4455; x_wconf 85' lang='lat'>1.</span> <span class='ocrx_word' id='word_1_303' title='bbox 302 4395 385 4458; x_wconf 71' lang='lat' dir='ltr'>aeae:</span> <span class='ocrx_word' id='word_1_304' title='bbox 406 4399 453 4476; x_wconf 74' lang='lat' dir='ltr'>&lt;et</span> <span class='ocrx_word' id='word_1_305' title='bbox 474 4396 556 4459; x_wconf 73' lang='lat' dir='ltr'>aera</span> <span class='ocrx_word' id='word_1_306' title='bbox 575 4397 622 4476; x_wconf 84' lang='lat' dir='ltr'>r.)</span> <span class='ocrx_word' id='word_1_307' title='bbox 695 4395 745 4456; x_wconf 73' lang='grc' dir='ltr'>τι.</span> <span class='ocrx_word' id='word_1_308' title='bbox 767 4403 799 4456; x_wconf 77' lang='grc' dir='ltr'>ιι</span> <span class='ocrx_word' id='word_1_309' title='bbox 819 4391 953 4454; x_wconf 71' lang='lat' dir='ltr'>inrecta:</span> <span class='ocrx_word' id='word_1_310' title='bbox 974 4391 1046 4472; x_wconf 78' lang='lat' dir='ltr'>(aa.</span> <span class='ocrx_word' id='word_1_311' title='bbox 1068 4391 1151 4470; x_wconf 69' lang='lat' dir='ltr'>„a”</span> <span class='ocrx_word' id='word_1_312' title='bbox 1172 4390 1236 4468; x_wconf 77' lang='lat' dir='ltr'>n).</span> 
     </span>
    </p>
   </div>
   <div class='ocr_carea' id='block_1_6' title="bbox 0 0 1639 5340">
    <p class='ocr_par' dir='ltr' id='par_1_6' title="bbox 0 0 1639 5340">
     <span class='ocr_line' id='line_1_35' title="bbox 0 0 1639 5340; baseline 0 0"><span class='ocrx_word' id='word_1_313' title='bbox 0 0 1639 5340; x_wconf 95' lang='lat' dir='ltr'> </span> 
     </span>
    </p>
   </div>
  </div>
 </body>
</html>
