3254 5340
132 673 194 738 hos
219 669 350 736 dolores
374 687 489 734 omnes
511 689 572 756 per
585 683 716 734 vosmet
729 673 819 758 ipsos
837 693 1010 756 morerere,
1033 687 1068 738 et
1088 695 1213 762 pugna-

134 789 193 850 stis
217 781 424 870 απατιξωντες
441 807 550 869 κοσμῳ
580 786 640 846 toti
668 796 702 848 et
727 788 787 873 ύλῃ
816 788 895 861 toti,
923 807 1007 872 quae
1032 789 1065 850 in
1096 810 1149 863 eo,
1182 799 1215 850 et

133 898 225 963 haud
247 899 416 962 remisistis
439 917 557 959 manus
573 909 698 960 vestras
721 912 913 982 pugnantes,
938 899 989 970 ἕως
1008 921 1112 985 usque
1134 900 1214 966 dum

133 1014 321 1076 inveneritis
345 1035 496 1090 μυστηρισ,
520 1012 629 1072 omnia
651 1013 742 1096 regni
767 1011 906 1087 luminis,
931 1033 1013 1096 quae
1037 1027 1213 1099 purgantes

92 1152 108 1190 a
134 1147 196 1190 vos
219 1123 433 1188 reddiderunt
454 1143 515 1186 vos
538 1136 683 1209 ειλικρινες
704 1123 830 1198 lumen,
858 1145 979 1210 purum
1002 1130 1157 1202 maxime,
1181 1140 1214 1191 et

136 1238 214 1302 sacti
238 1241 314 1303 estis
339 1237 450 1301 lumen
473 1257 605 1324 purum.
650 1236 699 1300 De
727 1237 790 1300 hoe
812 1240 912 1323 igitur
934 1238 1000 1302 dixi
1029 1239 1123 1304 vobis
1155 1239 1213 1303 ali-

136 1351 285 1439 quando:
321 1353 466 1436 quaerite
496 1363 534 1414 ut
564 1351 750 1426 inveniatis3
781 1349 846 1414 dixi
873 1354 971 1437 igitur
1000 1351 1072 1439 (eun)
1103 1352 1213 1418 vobis:

138 1463 347 1548 explorabitis
375 1489 525 1546 μυστηρια,
553 1462 698 1538 luminis,
735 1484 819 1547 quae
848 1477 990 1550 purgant
1017 1492 1110 1546 σωμσ,
1128 1472 1212 1542 dnae,
1257 1462 1284 1544 ζ(

139 1591 173 1641 et
188 1576 306 1642 sacient
320 1576 407 1640 istud
426 1591 571 1656 ειλικρινες
585 1576 707 1652 lumen,
730 1598 850 1660 purum
869 1579 1019 1653 maxime,
1043 1584 1123 1658 ἀμην
1140 1578 1211 1644 dieo

81 1717 111 1758 ro
137 1690 231 1755 vobis
255 1690 295 1754 de
318 1711 434 1777 genere
457 1690 617 1754 humano:
642 1711 711 1753 esse
733 1695 864 1756 ὐλικους.
902 1699 1062 1754 Erxeanoi
1077 1713 1140 1766 me,
1164 1705 1213 1755 at-
1255 1710 1268 1732 r

135 1805 196 1868 tuli
217 1831 368 1887 μυστηρισ,
393 1807 503 1868 omnia
524 1807 563 1867 iis
586 1803 731 1877 luminis,
762 1815 801 1866 ut
822 1825 997 1890 purgarem
1021 1826 1092 1880 eos,
1122 1804 1214 1890 quod

134 1921 187 1982 isti
212 1931 288 1982 sunt
310 1917 386 1982 faex
407 1922 481 1991 ύλης
503 1919 615 1991 totius,
639 1939 717 1981 suae
732 1919 823 1992 ὑληις
847 1917 992 2002 alioquin
1012 1916 1101 1981 nulla
1116 1919 1212 2000 dnm

135 2035 170 2096 in
193 2053 310 2117 genere
333 2034 423 2095 omni
445 2031 590 2094 humano
615 2043 744 2094 servata
767 2028 883 2094 suisset
905 2053 1010 2116 neque
1030 2034 1214 2115 potuissent

137 2157 323 2224 κληρονομειν
345 2165 483 2229 regnum
503 2144 648 2218 luminis,
684 2146 745 2207 nisi
772 2142 980 2208 adduxissem
1001 2148 1040 2207 iis
1063 2173 1213 2231 μυστηρια.

84 2283 112 2324 rs
139 2269 348 2342 purgatores:
372 2256 519 2340 προβολιι
536 2283 597 2342 γαρ
619 2257 750 2321 luminis
773 2279 840 2320 non
862 2256 984 2321 habent
1006 2285 1112 2339 χρεων
1131 2285 1212 2334 μυσ-

137 2397 244 2456 aspum,
267 2391 371 2454 purae
392 2395 452 2454 pap
476 2383 560 2445 sunt,
584 2383 674 2435 anne
695 2395 775 2453 γενος
797 2370 989 2448 humanum,
1015 2374 1069 2435 isti
1092 2371 1215 2435 habent

134 2511 243 2568 χρεων
267 2505 397 2558 eorum,
422 2496 596 2570 propterea
620 2482 710 2570 quod
733 2482 838 2548 faeces
860 2489 965 2550 ύλικωι
990 2507 1103 2548 omnes
1128 2498 1212 2550 sunt.

134 2597 275 2684 Propter
293 2597 356 2660 hoc
378 2599 476 2682 igitur
493 2595 557 2660 dixi
573 2595 667 2661 vobis
684 2597 777 2662 olim:
802 2577 872 2662 sani
888 2621 956 2663 non
970 2598 1094 2662 habent
1107 2623 1213 2680 χρεων

136 2710 268 2784 medici,
291 2723 381 2774 ιλλι
403 2709 561 2774 habentes
577 2731 611 2774 se
633 2737 742 2786 aanor,
765 2711 856 2798 quod
873 2727 923 2776 est
940 2713 1016 2776 hoe:
1041 2716 1096 2799 qui
1113 2711 1212 2800 (sunt)
1252 2701 1327 2776 95⁰
1357 2694 1360 2700 ¹
1457 2715 1460 2722 '

82 2849 110 2890 n
138 2823 269 2887 luminis
298 2845 366 2886 non
393 2822 516 2887 habent
543 2849 650 2905 xpum
668 2849 850 2908 pompam,
886 2825 975 2910 quod
1006 2825 1129 2890 lumina
1160 2829 1214 2890 isti

136 2959 224 3025 pura
254 2949 339 3000 sunt.
390 2935 530 3022 Propter
559 2936 621 3001 hoo
651 2938 750 3022 igitur
778 2962 936 3018 κηρυσσετι
961 2963 1036 3022 yrun
1067 2937 1212 3001 humano

137 3053 241 3115 omni:
275 3071 316 3114 ne
346 3052 501 3114 remittite
532 3071 690 3136 quaerere
718 3071 776 3133 per
806 3047 894 3113 diem
924 3061 957 3112 et
986 3061 1131 3124 noctem,
1163 3047 1215 3120 ἕως

134 3186 240 3250 usque
265 3161 344 3227 dum
366 3164 554 3227 inveneritis
577 3189 725 3246 purasne
749 3169 951 3249 purgatores,
975 3174 1008 3225 et
1028 3160 1123 3224 dicite
1140 3187 1214 3246 pern

134 3277 297 3340 humano:
325 3303 513 3342 exosorum
534 3302 641 3362 κοσμῳ
664 3279 726 3340 toti
750 3289 783 3340 et
804 3281 864 3366 ύλῃ
887 3277 963 3350 toti,
994 3296 1078 3360 quae
1099 3278 1133 3338 iu
1157 3295 1213 3352 eo;
1256 3288 1283 3336 λ’

2 3469 3 3489 ¹
83 3413 111 3455 aa
139 3389 284 3474 alioquin
306 3389 357 3453 hio
381 3393 436 3476 qui
460 3392 577 3475 accipit
600 3402 634 3454 et
655 3388 712 3453 dat
734 3391 768 3451 in
790 3415 906 3473 κοσμῳ,
933 3401 965 3452 et
988 3387 1086 3452 edens
1111 3402 1144 3452 et
1165 3387 1213 3451 bi·

137 3501 220 3566 bens
243 3505 276 3565 iu
300 3524 359 3566 sua
381 3507 450 3594 ύλῃ,
474 3516 508 3567 et
529 3506 643 3567 vivens
666 3505 700 3565 in
724 3504 789 3566 suis
814 3504 898 3566 euris
923 3502 1073 3566 omnibus
1098 3515 1130 3566 et
1147 3503 1213 3566 suis

137 3619 270 3700 ipsun<
294 3616 446 3680 omnibus
470 3616 592 3702 colligit
614 3615 675 3680 sibi
698 3615 777 3680 alias
800 3619 879 3686 onec
903 3615 945 3680 ad
968 3639 1061 3681 suam
1082 3637 1214 3702 quoque
1262 3641 1278 3670 s

136 3732 226 3804 ὑληνς
249 3743 425 3817 propterea
449 3728 539 3816 quod
561 3729 613 3792 hie
636 3755 747 3814 κοσμος
770 3743 860 3795 totus
877 3744 910 3795 et
925 3735 1044 3806 omnia,
1073 3753 1156 3814 quae
1180 3732 1215 3792 in

140 3861 196 3916 eo,
225 3845 359 3928 eiusque
382 3845 500 3925 ὃμιλιιιι
537 3863 650 3907 omnes
674 3842 779 3908 faeces
802 3850 907 3908 darent
931 3857 1020 3916 sunt,
1049 3855 1083 3905 et
1108 3842 1215 3922 inqui·

3 3931 5 3966 ³
86 3977 113 4018 ao
137 3944 216 4088 pent
236 3976 505 4043 unumquemque
528 3979 643 4022 eorum
659 3955 699 4020 de
723 3977 783 4019 sua
804 3958 955 4042 puritate.
992 3953 1132 4038 Propter
1153 3949 1216 4013 hoe
1261 3977 1287 4030 ,χ

1259 3808 1282 3839 'ff

242 4113 272 4172 2.
294 4111 493 4198 αποταξαντες
513 4112 808 4198 (αποταξαμενονΡ.)
870 4111 900 4172 3.
921 4119 1088 4194 pugnantes
1111 4111 1216 4188 (quae-

137 4223 238 4274 rentes
260 4213 308 4289 P.)
362 4213 389 4275 6.
411 4216 458 4278 De
480 4215 538 4276 hoc
559 4215 738 4295 (Propterea
759 4213 810 4289 Ρ.)
866 4212 918 4270 21.
942 4231 1014 4291 pura
1035 4219 1114 4268 sunt.
1137 4207 1216 4284 (add.

136 4322 243 4390 ‚mm
256 4337 340 4392 «γενος
360 4313 521 4377 humanum
543 4313 595 4374 isti
617 4312 727 4374 habent
747 4333 850 4396 gprroev
872 4329 992 4386 eorum,
1020 4307 1100 4391 quod
1121 4308 1216 4372 faeces

136 4409 232 4473 dana·
252 4423 325 4474 suut
345 4412 395 4492 P.)
456 4411 509 4475 24.
530 4434 711 4474 narrarem
732 4407 938 4493 (narras-oa&
959 4409 1007 4489 P.)
