3254 5340
444 653 494 724 sd'
509 656 634 736 lumen,
669 668 702 722 et
724 677 784 744 ego
813 653 903 721 haud
930 648 1110 720 cunctabor
1138 651 1253 734 βοηθιιν
1273 655 1335 722 tibi
1362 666 1397 722 et
1420 651 1516 722 venio

445 771 489 837 cd
509 787 542 836 te
565 771 712 836 celeriter
735 794 752 836 c
774 795 886 846 τοποις,
911 772 966 856 qui
989 769 1075 833 infra
1098 783 1145 847 te,
1169 783 1203 834 et
1216 773 1312 834 venio
1338 768 1380 834 sd
1404 791 1518 834 eorum

444 909 563 961 concor,
595 885 743 950 auferam
766 907 881 948 eorum
905 884 1017 946 lumen
1040 881 1081 946 ab
1104 886 1152 958 iis,
1177 896 1210 946 et
1231 886 1327 948 venio
1359 882 1404 946 ad
1433 883 1517 946 hunc

444 1025 540 1074 τοπον,
563 1001 596 1062 in
620 1021 685 1084 quo
709 1001 804 1084 posui
826 1011 859 1061 te
883 997 969 1060 inira
993 996 1155 1060 decimum
1177 999 1312 1059 tertium
1335 1025 1443 1071 eruin,
1466 1019 1517 1059 us-

333 1096 406 1168 169
447 1135 510 1200 que
526 1112 604 1175 dum
621 1114 789 1196 acquiram
803 1124 900 1174 tuum
915 1137 1010 1185 τοπον,
1034 1131 1052 1173 e
1073 1132 1138 1194 quo
1156 1131 1284 1195 egressa
1300 1132 1343 1173 es.
1381 1109 1517 1173 Factum
1545 1135 1556 1172 s

445 1229 544 1312 igitur
568 1237 630 1300 est,
660 1246 763 1308 quum
786 1249 882 1294 τιστις
905 1233 1003 1309 repro
1028 1222 1171 1286 audisset
1193 1223 1273 1286 haec
1295 1222 1411 1298 verbs,
1437 1245 1518 1308 quae

446 1339 512 1403 dixi
537 1341 579 1414 ei,
603 1340 713 1423 gavisa
737 1351 786 1402 est
808 1361 927 1424 magno
951 1337 1080 1424 gaudio.
1124 1336 1195 1422 Ego
1220 1334 1251 1401 de
1273 1336 1425 1423 linquens
1449 1358 1519 1400 eam

445 1455 480 1516 in
502 1479 592 1537 τοτῳ,
617 1455 673 1536 qui
695 1450 782 1514 inira
804 1451 967 1516 decimum
991 1453 1127 1516 tertium
1155 1477 1262 1527 sauro,
1295 1453 1371 1514 veni
1400 1449 1446 1513 ad
1473 1449 1518 1514 lu·

446 1587 538 1641 men,
561 1564 669 1628 destiti
693 1563 734 1627 ab
758 1587 807 1629 ea.

535 1678 624 1742 llaec
653 1678 755 1742 verba
786 1677 817 1744 dr
846 1680 955 1742 omnia
987 1679 1057 1765 (aut
1082 1681 1193 1765 potius
1221 1677 1281 1741 has
1310 1699 1363 1742 res
1394 1676 1557 1762 omnesle

445 1796 590 1882 primum
612 1819 769 1876 portantur
793 1792 920 1856 dixerat
940 1793 1104 1874 μαθηταις,
1137 1791 1225 1854 lacta
1253 1813 1322 1855 esse
1348 1817 1447 1856 rectu
1473 1817 1520 1856 σε·

449 1917 524 1994 φωρ,
556 1920 589 1971 et
611 1907 804 1970 concederat
827 1928 925 1992 super
948 1918 1095 1968 montem
1125 1904 1287 1968 olivarum
1310 1904 1420 1968 dicens
1443 1905 1520 1969 haec

447 2021 549 2086 verba
573 2023 682 2083 omnia
704 2023 739 2083 in
764 2019 880 2085 mediis
908 2020 1064 2096 μαθηταις.
1108 2018 1250 2105 Pergens
1278 2016 1310 2082 ele
1338 2018 1446 2082 adhuc
1476 2017 1521 2082 di·

447 2137 497 2198 xit
519 2136 572 2196 iis:
594 2133 721 2197 iactum
744 2131 776 2198 ele
800 2147 849 2197 est
871 2131 977 2196 adhuc
998 2144 1076 2220 post
1097 2131 1177 2196 haec
1201 2135 1319 2208 omnia,
1336 2153 1413 2196 cum
1429 2131 1520 2196 sede·

447 2268 518 2310 rem
545 2248 580 2308 in
601 2273 709 2331 κοσμῳ
738 2247 924 2321 hominum,
957 2244 1071 2308 sedens
1101 2247 1193 2310 iuxta
1220 2249 1325 2320 viam,
1357 2267 1441 2332 quae
1475 2258 1562 2311 esto

448 2358 499 2422 hic
529 2383 632 2434 τοπος,
667 2358 701 2422 id
733 2372 783 2422 est
815 2380 911 2422 mons
943 2358 1122 2434 olivarum,
1159 2372 1336 2445 antequam
1366 2362 1525 2422 miserant

449 2495 559 2537 mcum
583 2471 697 2556 ενδυμοι
719 2470 813 2549 mibi,
848 2472 938 2558 quod
960 2476 1057 2559 posui
1084 2476 1118 2536 iu
1139 2475 1293 2537 vicesimo
1319 2485 1435 2558 quarto
1461 2500 1525 2554 μυ-

449 2613 553 2672 erepto
575 2584 651 2650 inde
675 2585 716 2649 ab
740 2589 883 2663 interno,
912 2590 1057 2674 primum
1080 2585 1111 2652 ds
1141 2609 1274 2673 quoque
1304 2600 1352 2650 est
1377 2584 1455 2648 inde
1485 2586 1525 2650 ab
1603 2563 1604 2616 Ῐ

449 2714 601 2775 externo,
638 2698 727 2785 quod
754 2700 841 2764 idem
871 2714 921 2766 est
945 2723 1083 2787 magnus
1113 2727 1282 2781 ιχωρητος,
1309 2703 1343 2763 in
1372 2721 1439 2784 quo
1473 2723 1524 2764 re·

450 2812 622 2901 splendeo,
654 2827 687 2878 et
713 2813 861 2878 nondum
888 2836 1042 2878 veneram
1072 2816 1106 2876 in
1135 2813 1339 2877 altitudinem
1367 2811 1410 2876 sd
1440 2816 1524 2876 aeci·
1547 2841 1567 2880 ι

448 2926 569 3013 pienda
592 2931 690 2992 etiam
713 2951 788 2992 mea
811 2928 876 2993 duo
895 2927 1057 3010 ενὸυματω,
1081 2948 1156 2991 cum
1180 2926 1326 2990 sederem
1350 2926 1439 3014 apud
1464 2949 1524 2990 vos

448 3042 483 3104 in
506 3040 567 3104 hoc
590 3068 681 3128 τοπῳ,
704 3046 760 3128 qui
784 3056 834 3106 est
855 3064 950 3106 mons
974 3041 1151 3116 olivarum,
1174 3041 1346 3128 impletum
1367 3053 1418 3105 est
1440 3053 1525 3104 tem-

448 3175 527 3242 pus,
555 3155 645 3241 quod
669 3155 734 3219 dixi
757 3182 851 3221 narro
872 3165 983 3243 σεφιᾳ,
1013 3155 1210 3218 afflicturum
1239 3177 1309 3219 esse
1340 3177 1413 3218 earn
1436 3154 1526 3218 Ade-

448 3291 538 3332 mam
569 3291 644 3333 cum
675 3272 740 3334 suis
771 3297 916 3352 ερχουσιν
952 3269 1111 3334 omnibus.
1167 3268 1304 3332 Factum
1333 3271 1433 3355 igitur
1467 3283 1527 3344 est,

451 3403 553 3466 quum
577 3395 663 3446 esset
684 3397 815 3470 tempus
838 3382 933 3460 illud,
963 3405 1021 3470 ego
1049 3381 1081 3448 de
1108 3381 1253 3446 sederem
1282 3385 1315 3445 in
1338 3409 1446 3468 κοσμῳ
1473 3405 1567 3470 gos

338 3477 410 3553 170
450 3498 537 3558 neris
564 3494 716 3570 humani,
747 3495 862 3560 sedens
891 3496 980 3583 apud
1007 3518 1068 3560 vos
1096 3499 1131 3560 in
1159 3496 1222 3559 hoc
1251 3523 1348 3580 τοπῳ,
1387 3500 1444 3582 qui
1481 3510 1529 3562 est

449 3628 545 3670 mons
577 3606 754 3684 olivarum,
790 3613 958 3697 conspexit
985 3609 1128 3674 Adamas
1163 3633 1180 3674 e
1212 3608 1383 3674 duodecim
1415 3637 1529 3687 armore,

451 3722 651 3806 conspiciens
677 3721 816 3808 desuper
837 3726 871 3786 in
893 3749 1000 3792 τοπους
1022 3723 1137 3801 chaus,
1159 3724 1242 3788 vidit
1264 3747 1357 3787 suam
1374 3727 1443 3787 vim
1462 3725 1529 3790 cloc-

448 3861 607 3920 μονιακην,
637 3858 721 3921 quae
751 3851 801 3901 est
826 3841 861 3900 in
888 3838 985 3914 chao,
1016 3839 1138 3902 lumine
1167 3838 1355 3902 destitutam
1382 3843 1529 3924 penitus,

450 3948 540 4036 quod
571 3949 771 4015 abstuleram
801 3955 869 4016 eius
898 3952 1009 4016 lumen
1038 3951 1080 4016 ab
1111 3974 1165 4028 ea,
1200 3965 1299 4038 atque
1321 3951 1419 4028 vidit,
1453 3977 1531 4018 enm
1555 3977 1575 4016 ε

452 4086 522 4129 εεεε
554 4064 727 4129 obscuram
767 4079 800 4129 et
834 4065 924 4130 haud
951 4067 1116 4132 valentem
1148 4069 1320 4154 pervenire
1355 4066 1397 4130 ad
1428 4091 1533 4134 suum

448 4203 553 4255 τοπον,
585 4183 641 4266 qui
663 4194 741 4246 eunt
763 4179 935 4247 duodecim
962 4206 1076 4260 ειωνες,
1106 4181 1297 4248 reeordatus
1327 4196 1377 4248 est
1404 4185 1538 4250 iterum

534 4410 585 4474 15.
607 4415 741 4479 sederem
762 4419 873 4499 (essem
893 4417 942 4499 P.)
