3296 5354
678 421 723 492 35

154 618 196 670 ut
224 603 344 670 liberer
373 623 394 666 a
422 599 858 696 maestasquemaestdei„
884 625 970 692 quae
997 605 1148 696 affligrmt
1173 629 1237 688 me,

155 740 217 784 nee
239 741 308 784 non
330 715 373 782 ab
398 737 513 781 earum
534 716 645 794 melis,
679 738 722 783 ne
747 717 828 784 haee
858 719 960 806 caligo
990 719 1149 789 devorato
1172 747 1236 802 me,

155 855 241 900 neve
263 832 344 896 haee
366 833 416 896 vis
441 852 517 895 eum
539 829 621 896 faeie
643 830 756 911 leonis.
789 832 837 897 Ne
861 832 1020 900 devorato
1043 859 1154 902 meam
1167 841 1237 904 vim

82 991 84 994 -
158 961 265 1012 totam
287 967 442 1033 prorsus;
464 965 548 1009 neve
570 944 633 1009 hoe
653 970 734 1030 χαις
754 944 899 1034 obtegito
914 969 1022 1014 meam
1037 952 1114 1016 vim
1148 949 1237 1018 Audi
1287 935 1338 1013 50

115 1086 131 1125 s
158 1083 227 1138 me,
242 1059 383 1143 iumen,
414 1058 505 1145 quod
526 1057 615 1123 bona
636 1071 696 1124 tua
718 1060 953 1139 misericordia,
982 1077 1016 1128 et
1033 1065 1161 1130 intuere
1182 1087 1238 1132 me

157 1200 241 1242 aare
264 1176 394 1261 copiam
416 1171 657 1237 misericordiae
680 1175 728 1236 tui
743 1173 885 1240 luminis.
933 1175 982 1241 Ne
1010 1191 1122 1242 averte
1144 1191 1238 1244 tuam

159 1288 278 1354 faciem
300 1311 322 1351 a
343 1308 405 1364 me,
429 1308 507 1351 nam
530 1289 657 1352 crucior
679 1286 869 1352 admodum.
907 1288 1047 1368 Festina,
1061 1289 1149 1356 audi
1167 1313 1236 1368 me,

158 1415 196 1466 et
219 1422 326 1466 serves
347 1420 457 1466 meam
478 1403 556 1465 vim.
610 1398 714 1466 Serva
741 1423 794 1466 me
823 1416 960 1490 propter
990 1429 1157 1488 αρχιπας,
1181 1408 1238 1491 qui

162 1514 304 1580 oderunt
324 1537 393 1593 me;
425 1537 503 1578 nam
531 1517 653 1579 tuscis
682 1514 892 1580 affiictionem
914 1539 1023 1582 meam
1050 1531 1084 1582 et
1113 1522 1236 1584 crucia·

104 1656 134 1696 ιι
161 1643 234 1694 tum
249 1651 367 1694 meum
389 1641 423 1693 et
441 1627 590 1692 'fractam
616 1649 726 1692 meam
747 1631 830 1705 vim,
862 1651 961 1715 quam
989 1629 1196 1696 abstrderunt
1218 1655 1239 1696 a

159 1765 222 1810 me.
269 1743 357 1808 Sunt
379 1764 492 1808 eoram
518 1755 567 1819 te,
599 1744 655 1827 qui
677 1739 870 1829 plantarunt
898 1765 952 1808 me
978 1746 1013 1807 in
1042 1743 1123 1810 haee
1150 1744 1239 1810 mala

161 1860 280 1922 omnia.
325 1863 395 1944 Χρω
416 1858 455 1920 iis
477 1881 561 1923 xasa
587 1855 795 1921 voluntatem
821 1868 923 1920 tuam.
967 1855 1026 1922 Vis
1054 1879 1130 1922 mea
1158 1879 1237 1946 pro-

162 1974 298 2059 spicite
325 1969 435 2035 medio
461 1992 564 2053 χιιιυς
591 1982 692 2057 atque
721 1991 739 2035 e
767 1967 876 2034 medio
906 1968 1125 2046 tenebrarum
1170 1971 1238 2038 Ex-

160 2087 309 2173 spectavi
335 2106 445 2149 meam
474 2082 628 2171 συνζυγιν,
663 2097 702 2148 ut
728 2086 861 2150 veniens
891 2098 1054 2172 pugnaret
1082 2106 1145 2171 pro
1174 2107 1238 2162 me,

108 2227 136 2268 rs
164 2212 198 2264 et
220 2196 310 2262 haud
330 2200 428 2264 venit
470 2197 581 2284 Atque
609 2211 887 2285 exspectaveram,
921 2211 961 2262 ut
988 2200 1121 2264 veniens
1146 2196 1239 2264 daret

161 2313 241 2378 mihi
262 2310 375 2388 robur,
404 2324 437 2376 et
457 2311 548 2377 haud
575 2315 681 2400 reperi
711 2335 793 2378 eam.
838 2311 884 2377 Et
911 2334 1015 2398 quum
1045 2333 1239 2398 quaererem

160 2428 276 2504 lucem,
300 2425 462 2492 dederuut
475 2427 554 2490 mihi
570 2426 755 2513 caliginem3
779 2438 813 2491 et
832 2447 907 2492 cum
923 2448 1115 2514 quaererem
1129 2448 1240 2491 meam

160 2545 243 2620 vim,
273 2540 436 2607 dederunt
457 2540 538 2605 mihi
558 2543 642 2615 ὑλην.
686 2539 780 2604 Nune
802 2541 909 2626 igitur,
933 2542 1044 2606 lumen
1066 2540 1238 2616 luminum,

163 2657 332 2744 caliginem
355 2669 389 2721 et
415 2657 491 2730 ὑλην
514 2653 679 2719 duxerunt
708 2675 807 2742 super
828 2677 882 2720 me
911 2656 1061 2742 πριβολιιι
1081 2652 1238 2727 aubedone.

110 2799 138 2840 m
164 2771 271 2837 Sunto
294 2773 332 2834 iis
355 2767 492 2834 insidiae
516 2781 548 2833 et
569 2768 764 2835 involvunto
789 2788 861 2844 eos3
885 2780 919 2832 et
940 2767 1102 2834 retribuas
1124 2771 1177 2844 iis,
1207 2780 1241 2834 et

163 2882 408 2970 Μνδιιλιζωσιν,
430 2904 473 2949 ne
494 2885 629 2947 veniant
650 2885 685 2945 in
705 2906 792 2946 τιτον
816 2884 867 2944 sui
890 2879 1046 2950 ariadnes.
1085 2881 1239 2946 Manento

165 3000 199 3060 in
221 2995 377 3072 tenebris,
399 3019 442 3062 ne
463 2996 598 3064 videant
618 2995 734 3060 lucem.
766 2993 1040 3088 Contemplantor
1053 3017 1135 3078 χαις
1151 2995 1241 3056 omni

165 3125 330 3197 tempore,
359 3133 441 3176 neve
463 3114 630 3176 intuentur
656 3113 691 3172 in
720 3107 934 3172 altitudinem.
978 3104 1096 3172 Adduo
1123 3108 1158 3170 in
1185 3127 1241 3170 eas

166 3247 261 3289 suam
282 3223 468 3302 vindictam'
491 3239 525 3290 et
547 3221 783 3312 apprehendite
809 3244 863 3288 eas
878 3235 976 3286 tuum
989 3219 1155 3287 iudicium.
1193 3218 1242 3284 Ne

112 3369 140 3408 as
166 3341 322 3404 veniunto
350 3341 384 3402 in
413 3361 511 3404 suum
540 3339 651 3404 locum
673 3342 789 3421 (τοπιν)
817 3335 894 3402 inde
924 3335 966 3400 ab
997 3337 1058 3401 hac
1085 3335 1169 3400 hora
1199 3331 1241 3398 ad
1292 3325 1340 3400 51

167 3475 264 3518 suum
287 3451 401 3529 ιιυθιιὸη
426 3452 533 3518 deum.
578 3452 626 3518 Ne
648 3451 798 3541 πριβιλιι
828 3454 897 3516 eius
920 3453 1078 3517 veniunto
1106 3451 1141 3516 in
1164 3469 1242 3514 suos

162 3593 285 3645 τιπους,
313 3591 392 3632 nam
414 3567 529 3645 arefiet
550 3579 585 3630 et
607 3565 736 3640 audam
764 3589 879 3634 earum
904 3565 1004 3662 deus3
1034 3577 1068 3632 et
1090 3567 1243 3653 opinatus
1281 3543 1308 3590 ³³⁸

164 3697 227 3758 est,
251 3705 286 3747 se
309 3679 424 3748 secisse
444 3675 528 3746 haee
549 3677 638 3745 mala
660 3703 700 3746 ex
716 3695 827 3758 semet,
850 3680 940 3747 haud
956 3683 1075 3756 sciens,
1097 3681 1160 3742 nisi
1181 3677 1243 3741 hu-

164 3796 291 3860 miliata
313 3818 419 3861 essem
440 3822 523 3862 xasa
552 3808 649 3860 tuum
672 3807 848 3872 statutum,
886 3815 920 3860 se
946 3792 1037 3858 haud
1064 3791 1245 3857 valiturum

112 3937 140 3978 aa
167 3907 270 3973 fuisse
299 3910 335 3972 in
363 3931 432 3987 me3
466 3921 572 3986 ιιλλιι,
608 3932 711 3995 quum
742 3909 947 3975 humiliasses
976 3927 1030 3970 me
1060 3925 1119 3992 per
1148 3914 1245 3966 tuum

168 4033 340 4100 statutum,
363 4019 483 4114 ιδιωξιιν
505 4045 559 4091 me
581 4025 695 4110 magis,
720 4035 752 4088 et
775 4043 853 4086 suae
875 4019 1025 4107 προβιλιιι
1048 4013 1246 4079 addiderunt

166 4134 298 4204 dolores
322 4159 421 4227 super
442 4161 552 4232 meam
574 4137 801 4213 humilitatem,
825 4147 859 4200 et
882 4131 1089 4198 abstulerunt
1103 4132 1171 4198 vim
1193 4128 1244 4195 lu-

250 4365 300 4426 13.
316 4391 415 4446 χαους
425 4375 528 4448 (qaus
543 4368 592 4447 P.)
632 4361 683 4426 27.
697 4385 801 4429 τοπους
815 4363 893 4444 (edd.
910 4361 979 4424 inde
993 4360 1028 4422 ab
1044 4359 1096 4422 hae
1111 4359 1184 4422 hore
1198 4358 1246 4435 P.)

1002 4467 1043 4540 c*
