3254 5340
930 453 998 522 111

425 639 548 708 omnu-
577 635 703 704 Eduxit
723 655 777 702 ure
798 655 819 701 e
841 632 977 722 cxligim
1000 644 1035 698 et
1057 629 1268 698 afflictatione
1289 629 1401 696 chaun
1432 630 1497 696 idr-

425 751 589 822 uilestebo
613 751 687 829 tibi,
713 750 840 828 lumen,
867 747 958 836 quod
981 748 1119 812 servasti
1141 768 1210 824 me,
1241 759 1340 832 atque
1362 759 1422 810 tus
1442 749 1498 810 mi·

425 868 540 935 rectula
562 867 651 932 lacte
673 868 805 931 suntin
827 891 901 950 pren
928 864 1155 956 humanitatis,
1190 873 1225 925 et
1251 859 1374 947 fregisti
1402 873 1501 932 τυλις

430 984 513 1050 eltae
529 982 682 1068 caliginis,
706 993 806 1065 utque
829 981 928 1044 etiam
943 989 1086 1059 μοχλους
1102 974 1203 1040 duros
1220 974 1329 1050 chaus,
1352 987 1387 1040 et
1402 997 1501 1060 quum

427 1096 546 1173 εθλιβον
568 1117 638 1172 me,
673 1098 811 1176 ὑμνιυη
841 1113 972 1156 sursum
1001 1089 1045 1155 ud
1070 1089 1199 1166 lumen,
1230 1091 1374 1154 servavit
1402 1111 1455 1153 me
1483 1111 1533 1154 es
1595 1143 1596 1168 ,

428 1213 511 1276 meis
540 1206 677 1293 eutero
705 1205 867 1272 omnibus.
917 1205 1047 1270 Mittens
1075 1217 1168 1268 mam
1198 1204 1354 1294 ιτορῤοιιν
1389 1203 1502 1268 dedisti

429 1325 499 1390 vim
520 1323 610 1397 mihi,
634 1335 668 1386 et
694 1319 845 1386 liberavit
866 1341 920 1384 me
943 1341 985 1384 ex
1006 1322 1087 1384 meis
1110 1317 1376 1384 afflictationibus
1400 1321 1501 1383 omni-

429 1437 503 1504 bus.
547 1433 763 1500 Manifestebo
787 1447 833 1510 te,
862 1433 992 1510 lumen,
1021 1431 1112 1520 quod
1141 1433 1278 1498 servasti
1305 1453 1374 1508 me,
1406 1445 1502 1517 etque

429 1565 490 1618 tus
511 1549 670 1614 miracula
691 1551 725 1612 in
747 1574 822 1634 pren
844 1547 1084 1612 humanitatis?
1128 1547 1189 1611 Hic
1211 1548 1310 1633 igitur
1332 1559 1384 1612 est
1405 1549 1502 1627 ύμης,

431 1687 531 1754 quem
555 1664 635 1730 dixit
656 1688 751 1732 serere
771 1671 870 1748 σοφιι
892 1683 1027 1727 versans
1041 1663 1076 1725 iu
1090 1660 1199 1726 medio
1214 1663 1368 1726 vicesimo
1387 1673 1502 1746 quarto
1525 1685 1546 1726 n

428 1806 560 1866 αρατῳ,
583 1778 698 1843 volens
722 1775 830 1842 iecere
853 1778 934 1840 scire
956 1797 1012 1840 eos
1035 1775 1193 1844 iniraculn
1208 1777 1327 1851 omnis,
1351 1797 1437 1861 quae
1461 1775 1505 1840 ie·

431 1897 532 1960 serim
554 1892 628 1968 sibi,
653 1905 752 1977 atque
774 1890 886 1956 voleus
909 1890 1015 1956 faeere
1038 1912 1095 1956 eos
1120 1893 1214 1966 scire,
1241 1909 1294 1952 me
1322 1891 1507 1954 venientem

430 2011 467 2074 in
481 2033 593 2091 κοσμον
609 2007 821 2072 humanitatis
837 2004 963 2070 dedisse
978 2007 1016 2068 iis
1031 2030 1181 2088 pompae
1197 2001 1386 2068 altitudinis.
1414 2002 1508 2067 Nunc

430 2124 539 2207 igitur,
564 2121 620 2206 qui
643 2119 789 2184 sublimis
811 2123 847 2183 in
870 2141 929 2183 suo
953 2144 1092 2200 vennere,
1114 2116 1331 2206 progreditur,
1361 2130 1401 2180 ut
1423 2115 1510 2181 dicat

432 2233 630 2300 solutionem
653 2238 758 2313 ύμνου,
788 2255 887 2318 quem
911 2232 992 2297 dixit
1013 2241 1120 2321 repes.
1164 2231 1302 2296 Factum
1329 2245 1379 2296 est
1401 2234 1509 2318 igitur,
1533 2257 1552 2297 u

435 2369 539 2436 quum
561 2345 651 2410 lesus
678 2345 803 2410 finisset
831 2345 936 2411 dicere
958 2347 1039 2412 haee
1066 2345 1183 2422 verba,
1212 2367 1406 2432 progressus
1433 2345 1510 2410 Phi·

433 2461 543 2551 lippus
566 2459 662 2536 dixit,
685 2458 773 2535 lesu,
796 2462 842 2524 mi
869 2459 1012 2539 domine,
1035 2461 1174 2526 sublime
1197 2473 1247 2525 est
1268 2483 1380 2526 meum
1404 2487 1511 2544 venue,

435 2589 470 2642 et
506 2577 558 2641 lter
595 2573 792 2640 solutionem
827 2577 940 2655 ύμνου,
973 2598 1072 2663 quem
1100 2573 1182 2638 dixit
1209 2582 1315 2661 σοφω.
1366 2583 1512 2662 Empe·

433 2714 534 2754 τιυσεν
556 2690 677 2752 iterum
700 2686 741 2752 de
764 2710 803 2752 ea
827 2688 904 2753 olim
919 2689 1036 2766 David,
1058 2689 1229 2777 propheta,
1254 2688 1363 2753 dicens
1385 2692 1420 2752 in
1437 2711 1513 2756 cen·

433 2804 552 2868 tesimo
584 2815 676 2868 sexto
705 2802 853 2868 Psalmo:
892 2803 1123 2899 „monifestetc
1154 2802 1305 2881 donriuo,
1340 2802 1433 2889 quod
1465 2817 1515 2868 est
1538 2829 1560 2868 u

378 2985 380 2989 ,
435 2941 578 3003 meere,
602 2915 693 3002 quod
714 2939 820 3004 usquc
845 2917 887 2982 ad
909 2931 1079 2983 aeternum
1099 2920 1167 2982 eius
1183 2916 1416 2984 misericordia.
1456 2917 1514 2982 Di·

436 3045 536 3096 cuntc
559 3031 607 3108 hi,
631 3053 714 3118 quos
739 3031 890 3096 dominus
906 3030 1059 3108 redemit,
1082 3033 1133 3097 hic
1149 3031 1288 3097 redemit
1304 3054 1360 3097 eos
1375 3054 1395 3097 e
1410 3055 1517 3098 manu

436 3167 574 3212 suorum
595 3147 811 3212 inimicorum.
857 3145 1077 3234 Congregavit
1099 3169 1155 3213 eos
1182 3150 1217 3211 iu
1245 3169 1321 3212 sues
1343 3173 1453 3230 χωρις
1477 3170 1518 3212 ex

438 3263 563 3326 oriente
578 3272 612 3325 et
631 3259 798 3326 occidente
814 3274 912 3347 atque
928 3263 1149 3349 septentrione
1165 3276 1197 3326 et
1212 3259 1369 3347 deteret.
1400 3269 1518 3330 Ετλι·

437 3399 527 3446 mccc
548 3376 582 3438 in
606 3372 749 3452 deserto,
771 3379 806 3439 in
827 3375 911 3452 loco,
938 3378 971 3438 in
995 3397 1061 3462 quo
1085 3375 1174 3440 nulla
1198 3398 1293 3462 equs.
1337 3375 1439 3440 Haud
1464 3399 1518 3441 re-
1542 3401 1563 3440 u

436 3499 596 3572 pereruut
609 3490 698 3552 viam
712 3501 835 3566 πολιως,
858 3493 909 3554 sui
929 3489 1118 3566 habitaculi,
1142 3493 1334 3568 esurientes,
1358 3491 1519 3567 sitientes,

438 3619 554 3664 eurum
579 3596 676 3691 ψαχῃ
705 3603 741 3664 iu
770 3604 808 3666 iis
837 3602 1074 3689 languescente.
1127 3603 1280 3670 Servavit
1310 3625 1367 3670 eos
1397 3627 1417 3672 e
1449 3607 1520 3670 suis

521 3803 551 3862 1.
577 3801 688 3864 Eduxit
709 3823 795 3865 mee
822 3804 950 3888 ealigine
976 3807 1086 3886 (Duxit
1106 3828 1153 3868 me
1179 3829 1296 3868 sursum
1326 3808 1356 3868 in
1384 3807 1522 3891 caligine

438 3900 487 3979 P.)
563 3899 591 3961 4.
618 3902 708 3964 duros
731 3903 818 3964 chaus
845 3905 923 3983 (add.
951 3919 1011 3981 „et
1034 3907 1130 3968 iecisti
1159 3929 1206 3968 me
1231 3920 1366 3968 evertere
1387 3930 1404 3968 a
1425 3933 1522 3986 torp,

438 4003 470 4063 iu
493 4025 552 4084 quo
574 3997 745 4090 sepelires,
777 4017 865 4086 etque
887 4007 974 4066 etiam
996 4007 1184 4068 abstulerunt
1211 4031 1304 4069 meam
1327 4011 1402 4084 vim,
1434 4007 1524 4090 quod

437 4097 604 4187 παρεβητα,
628 4117 658 4166 et
679 4105 791 4165 relictis
815 4106 963 4188 mysteriis
987 4108 1044 4167 exii
1067 4129 1082 4168 e
1104 4117 1209 4170 πυλαες
1231 4109 1319 4168 charis
1342 4131 1365 4168 s.
1386 4109 1426 4168 ivi
1452 4131 1526 4168 sur-

439 4221 504 4260 sum
532 4203 563 4261 in
591 4214 697 4268 πυλαες
723 4204 834 4266 ehtus’'
856 4207 903 4281 P.)
991 4205 1020 4266 6.
1049 4210 1172 4270 Mittens
1194 4243 1235 4258 -
1256 4209 1364 4269 dedisti
1389 4209 1528 4286 (liisisti

440 4333 481 4350 -
502 4301 584 4361 dedit
604 4303 652 4379 P.)
715 4306 765 4365 10.
787 4306 818 4366 ἰιι
840 4306 937 4368 medio
959 4307 1101 4370 vicesimo
1124 4321 1229 4390 quarto
1250 4333 1361 4395 αορατῳ
1383 4309 1429 4386 (iu
1455 4331 1528 4372 me-

440 4397 498 4460 diis
519 4400 629 4484 viginti
651 4415 779 4483 quatuor
798 4431 936 4492 esperone.
970 4408 1008 4470 cl.
1029 4429 1109 4507 pgo,
1122 4431 1155 4472 n.
1177 4431 1207 4492 p.
1222 4410 1294 4472 116.
1316 4409 1377 4470 l.2.
1399 4410 1452 4490 Ρ.)
