3296 5354
671 477 714 544 29

151 683 248 748 χουσι
277 653 453 723 duodecim
484 679 600 732 marm,
630 657 720 722 etin
748 676 863 722 eorum
893 681 1039 744 αρχουσιν
1069 658 1230 738 omnihus,

153 793 336 859 eorumque
360 770 516 845 dominis,
541 791 720 856 eorumque
744 767 903 858 εξουσιαις,
930 793 1110 858 eorumque
1134 801 1230 860 αγγε-

152 901 232 964 λοις,
262 906 443 970 corumque
467 895 686 970 αρχωγγελοις.
731 884 846 966 Quum
873 885 1031 951 vidissent
1058 889 1157 974 igitur
1187 915 1229 954 ιν-

154 999 243 1086 dopna.
265 998 427 1075 lucidum,
462 996 552 1084 quod
576 1017 763 1083 superine,
792 1001 846 1062 isti
870 1011 903 1062 et
926 1021 1041 1064 eorum
1063 1028 1229 1088 χωρισσυν·

112 1139 128 1177 s
154 1114 241 1202 ζυγοι
271 1114 368 1199 [unus
398 1115 536 1197 quisquc
564 1132 679 1175 eorum
701 1109 783 1176 vidit
812 1137 968 1198 μυσπριον
1000 1117 1049 1178 sui
1080 1118 1229 1192 nominis,

157 1226 246 1315 quod
270 1228 376 1291 estin
397 1247 472 1289 meo
497 1222 638 1310 ενδυματι
665 1224 791 1301 lucido,
824 1224 939 1290 induto
967 1227 1057 1312 mihi]
1084 1243 1228 1316 prostcr-
1280 1219 1327 1292 41

154 1355 269 1407 nentes
294 1363 327 1404 se
344 1361 458 1404 omnes
479 1337 575 1402 simul
591 1337 813 1403 adoraverunt
827 1337 941 1420 ενδυμα
956 1339 1116 1418 lucidum,
1140 1341 1231 1428 quod

158 1477 257 1542 super
282 1476 351 1530 me,
387 1466 420 1517 et
448 1453 673 1517 exclamarunt
702 1474 815 1516 omues
844 1453 939 1517 simul
975 1453 1133 1519 dicentes:
1169 1482 1232 1530 πως

159 1567 310 1633 domiuus
333 1569 475 1631 uruversi
497 1569 639 1630 mutavit
666 1588 727 1630 nos
754 1566 844 1630 haud
871 1570 1023 1644 scientes,
1047 1582 1146 1654 atque
1168 1573 1230 1654 ύμ-

101 1707 131 1747 1o
159 1709 263 1750 raucas
292 1703 404 1746 omnes
436 1680 534 1744 simul
565 1683 695 1744 interno
728 1681 947 1757 internorum,
980 1694 1079 1767 atque
1115 1705 1230 1748 eorum

155 1795 338 1886 τριὸυναμεις
361 1816 491 1871 omnes,
515 1815 695 1879 eorumque
710 1795 819 1880 magni
834 1818 1025 1881 προπατορες,
1050 1807 1231 1882 eorumque

156 1901 303 1998 symma,
335 1929 515 1994 corumque
545 1933 724 1995 αυτογενεις,
760 1929 940 1993 eorumque
970 1935 1143 1994 ευγιννητοι,
1175 1932 1229 1974 eo-

157 2046 298 2110 rumque
333 2022 391 2098 dii,
433 2044 613 2108 eorumque
653 2019 812 2108 σπινθηρες,
848 2045 1029 2108 eorumque
1066 2033 1230 2110 φωστηρεςς

159 2134 248 2226 dra}
268 2141 374 2207 ἀτλως
403 2149 572 2200 eteorum
595 2139 705 2222 magni
729 2157 851 2200 omnes.
896 2135 1059 2201 Viderunt
1080 2146 1232 2220 τηραννους

104 2278 131 2318 rs
161 2273 297 2317 suorum
319 2277 425 2326 τοπων,
450 2248 618 2314 deminuta
639 2253 672 2314 vi
691 2251 726 2314 in
745 2253 799 2326 iis,
823 2265 990 2316 versantes
1006 2254 1040 2314 in
1054 2250 1230 2330 debilitate,

159 2378 192 2431 et
214 2365 349 2430 fuerunt
370 2367 432 2453 ipsi
456 2385 588 2450 quoque
610 2366 645 2428 in
667 2386 786 2451 magno
808 2367 944 2442 timore,
970 2368 1140 2430 immenso.
1184 2367 1230 2431 Et

158 2477 288 2566 edawpcvr
306 2505 464 2567 μυστηριον
487 2481 538 2542 sui
560 2480 700 2542 nominis
722 2481 758 2541 in
778 2499 853 2542 meo
883 2476 1034 2565 ενὼματι,
1063 2494 1096 2544 et
1116 2501 1230 2567 perge-

155 2593 386 2670 transvenire,
416 2606 454 2656 ut
476 2590 654 2658 adorarent
675 2618 832 2679 μυστηριον
856 2595 907 2657 sui
936 2597 1075 2658 nominis
1098 2597 1133 2660 in
1154 2616 1229 2658 meo

156 2707 311 2792 ινδυματι,
334 2728 441 2792 neque
464 2719 645 2793 potuerunt
666 2719 802 2794 propter
818 2729 975 2794 maguum
990 2709 1115 2785 lumen,
1139 2707 1231 2794 quod

103 2849 131 2890 aa
157 2836 228 2888 erat
249 2843 388 2886 mecum.
439 2819 507 2885 Sed
533 2825 651 2901 (αλλω)
681 2819 861 2884 adorarunt
883 2825 1002 2885 remoti
1024 2844 1044 2884 a
1066 2843 1119 2886 me
1148 2843 1230 2908 pau-

156 2935 272 3000 lulum.
316 2933 507 2998 Adoraruut
528 2931 560 3000 da
582 2933 695 2997 lumen
721 2936 786 2996 mei
813 2931 984 3017 ενὸυμωτος,
1015 2945 1048 2997 et
1070 2935 1230 2998 exclama·

157 3060 238 3114 runt
261 3068 373 3110 omnes
398 3047 493 3110 simul
514 3049 685 3132 ύμνευοντες
706 3049 834 3110 interno
857 3049 1070 3110 internorum.

248 3160 386 3224 Factum
408 3161 505 3246 igitur
533 3173 596 3238 est,
626 3182 729 3247 quum
755 3160 835 3224 hacc
866 3162 1048 3224 evenissent
1077 3183 1229 3244 superaus,

160 3277 217 3361 qui
240 3277 372 3340 suntin
395 3299 540 3359 αρχουσι,
572 3272 810 3362 despondentes
837 3276 945 3338 arrimo
974 3276 1080 3336 cuncti
1104 3273 1230 3338 decide·

106 3415 133 3454 as
159 3403 239 3453 runt
265 3391 300 3452 in
330 3411 406 3453 suos
437 3413 544 3458 armac
574 3401 607 3452 ct
637 3387 715 3452 facti
745 3400 822 3453 sunt
851 3390 934 3452 sicut
962 3387 1077 3452 mundi
1105 3388 1232 3453 incolae

158 3505 297 3580 mortui,
327 3503 417 3566 nullo
441 3501 546 3566 halitu
568 3504 623 3589 (sc.
646 3501 809 3587 versante)
837 3506 872 3566 in
901 3505 954 3579 iis,
986 3501 1102 3568 eodem
1129 3502 1230 3567 modo

155 3640 287 3694 rursus,
322 3639 389 3704 quo
421 3615 557 3680 fuerunt
586 3615 695 3704 (Copt.
719 3639 817 3703 quem
845 3616 1004 3702 fecerunt)
1033 3617 1131 3694 hora,
1165 3640 1231 3703 qua
1282 3609 1332 3682 42

156 3731 277 3798 abstuli
300 3753 396 3796 suam
418 3733 487 3796 vim
510 3728 622 3794 abiis.
668 3729 806 3796 Factum
833 3734 932 3818 igitur
961 3744 1011 3796 est
1037 3745 1114 3818 post
1141 3731 1231 3806 haec,

159 3867 264 3929 quum
295 3847 458 3909 venissem
492 3866 533 3909 cx
568 3869 669 3911 asaro
703 3845 782 3922 illis,
815 3867 901 3909 uuus
938 3846 1077 3929 quisquc
1111 3843 1232 3906 horum

107 3981 134 4024 aa
163 3958 327 4030 omnium,
359 3959 415 4041 qui
437 3961 570 4022 suntin
593 3955 767 4023 duodecim
789 3983 898 4033 asaro,
926 3957 1038 4041 illigati
1061 3966 1138 4018 sunt
1160 3975 1230 4017 om-

159 4088 218 4133 nes
240 4070 276 4131 in
299 4089 374 4132 suas
397 4065 509 4154 τωξεις,
533 4084 566 4136 et
586 4071 795 4159 perfecerunt
817 4069 963 4134 facinora
982 4093 1065 4133 aava
1084 4065 1231 4144 modum,

160 4201 227 4269 quo
252 4180 398 4271 disposui
425 4205 497 4260 eos,
527 4199 567 4252 ut
593 4190 810 4274 transigerent
839 4205 896 4248 sex
924 4203 1053 4247 memes
1084 4184 1232 4250 conversi

241 4339 292 4399 12.
315 4363 473 4420 ευγεννητοι
488 4343 628 4421 (γεννητοι
643 4343 693 4420 Ρ.)
736 4339 785 4401 15.
801 4338 1102 4419 scemurensem!
1117 4341 1231 4420 potius:

159 4438 205 4500 sui
226 4461 313 4498 τοπου
335 4440 386 4520 Ρ.)
427 4442 479 4503 31.
503 4441 633 4504 facinora
653 4441 732 4522 (add.
755 4460 808 4504 sua
827 4441 878 4516 P.)
