<?xml version="1.0" encoding="UTF-8"?>
<!DOCTYPE html PUBLIC "-//W3C//DTD XHTML 1.0 Transitional//EN"
    "http://www.w3.org/TR/xhtml1/DTD/xhtml1-transitional.dtd">
<html xmlns="http://www.w3.org/1999/xhtml" xml:lang="en" lang="en">
 <head>
  <title>
</title>
<meta http-equiv="Content-Type" content="text/html;charset=utf-8" />
  <meta name='ocr-system' content='tesseract 3.04.00' />
  <meta name='ocr-capabilities' content='ocr_page ocr_carea ocr_par ocr_line ocrx_word'/>
</head>
<body>
  <div class='ocr_page' id='page_1' title='image "./pistissophiaopu00petegoog_0606.png"; bbox 0 0 3254 5340; ppageno 0'>
   <div class='ocr_carea' id='block_1_1' title="bbox 11 665 1332 3720">
    <p class='ocr_par' dir='ltr' id='par_1_1' title="bbox 100 665 1221 1214">
     <span class='ocr_line' id='line_1_1' title="bbox 140 665 1221 761; baseline 0.003 -24"><span class='ocrx_word' id='word_1_1' title='bbox 140 696 297 761; x_wconf 66' lang='grc' dir='ltr'><strong>μυνηριον</strong></span> <span class='ocrx_word' id='word_1_2' title='bbox 325 665 408 736; x_wconf 87' lang='lat' dir='ltr'><strong>illud</strong></span> <span class='ocrx_word' id='word_1_3' title='bbox 442 667 489 756; x_wconf 85' lang='lat' dir='ltr'><strong>(in</strong></span> <span class='ocrx_word' id='word_1_4' title='bbox 520 687 622 756; x_wconf 81' lang='lat' dir='ltr'><strong>marg.</strong></span> <span class='ocrx_word' id='word_1_5' title='bbox 658 666 864 755; x_wconf 72' lang='lat' dir='ltr'><strong>perfecturus</strong></span> <span class='ocrx_word' id='word_1_6' title='bbox 892 669 1037 758; x_wconf 90' lang='lat' dir='ltr'><strong>primum</strong></span> <span class='ocrx_word' id='word_1_7' title='bbox 1063 696 1221 759; x_wconf 68' lang='lat' dir='ltr'><strong>pompm</strong></span> 
     </span>
     <span class='ocr_line' id='line_1_2' title="bbox 140 779 1219 876; baseline 0.001 -26"><span class='ocrx_word' id='word_1_8' title='bbox 140 789 238 876; x_wconf 89' lang='lat' dir='ltr'><strong>primi</strong></span> <span class='ocrx_word' id='word_1_9' title='bbox 271 809 432 868; x_wconf 72' lang='grc' dir='ltr'><strong>μυστηρωυ</strong></span> <span class='ocrx_word' id='word_1_10' title='bbox 465 779 654 858; x_wconf 66' lang='lat' dir='ltr'><strong>neffabilia,</strong></span> <span class='ocrx_word' id='word_1_11' title='bbox 688 781 835 847; x_wconf 84' lang='lat' dir='ltr'><strong>facturus</strong></span> <span class='ocrx_word' id='word_1_12' title='bbox 863 810 911 850; x_wconf 78' lang='grc' dir='ltr'><strong>ουν</strong></span> <span class='ocrx_word' id='word_1_13' title='bbox 934 809 1090 868; x_wconf 65' lang='lat' dir='ltr'><strong>pompati</strong></span> <span class='ocrx_word' id='word_1_14' title='bbox 1117 787 1219 872; x_wconf 87' lang='lat' dir='ltr'><strong>illud),</strong></span> 
     </span>
     <span class='ocr_line' id='line_1_3' title="bbox 139 895 1219 987; baseline 0.001 -22"><span class='ocrx_word' id='word_1_15' title='bbox 139 914 179 965; x_wconf 89' lang='lat' dir='ltr'><strong>nt</strong></span> <span class='ocrx_word' id='word_1_16' title='bbox 200 897 348 987; x_wconf 85' lang='lat' dir='ltr'><strong>perficiat</strong></span> <span class='ocrx_word' id='word_1_17' title='bbox 370 895 459 962; x_wconf 87' lang='lat' dir='ltr'><strong>istud</strong></span> <span class='ocrx_word' id='word_1_18' title='bbox 482 899 551 960; x_wconf 88' lang='lat' dir='ltr'><strong>eius</strong></span> <span class='ocrx_word' id='word_1_19' title='bbox 574 921 734 978; x_wconf 71' lang='grc' dir='ltr'><strong>σχημασιν</strong></span> <span class='ocrx_word' id='word_1_20' title='bbox 763 898 898 982; x_wconf 84' lang='lat' dir='ltr'><strong>eiusque</strong></span> <span class='ocrx_word' id='word_1_21' title='bbox 927 924 1029 965; x_wconf 74' lang='grc' dir='ltr'>τυποις</span> <span class='ocrx_word' id='word_1_22' title='bbox 1058 899 1219 978; x_wconf 86' lang='lat' dir='ltr'><strong>omnibus,</strong></span> 
     </span>
     <span class='ocr_line' id='line_1_4' title="bbox 142 1009 1219 1099; baseline 0.001 -19"><span class='ocrx_word' id='word_1_23' title='bbox 142 1017 277 1099; x_wconf 84' lang='lat' dir='ltr'><strong>eiusque</strong></span> <span class='ocrx_word' id='word_1_24' title='bbox 300 1009 510 1086; x_wconf 86' lang='lat' dir='ltr'><strong>stationibus,</strong></span> <span class='ocrx_word' id='word_1_25' title='bbox 541 1009 662 1074; x_wconf 81' lang='lat' dir='ltr'><strong>iaciens</strong></span> <span class='ocrx_word' id='word_1_26' title='bbox 692 1010 781 1074; x_wconf 87' lang='lat' dir='ltr'><strong>istud</strong></span> <span class='ocrx_word' id='word_1_27' title='bbox 807 1033 875 1076; x_wconf 88' lang='lat' dir='ltr'><strong>non</strong></span> <span class='ocrx_word' id='word_1_28' title='bbox 904 1015 1013 1077; x_wconf 88' lang='lat' dir='ltr'><strong>veniet</strong></span> <span class='ocrx_word' id='word_1_29' title='bbox 1043 1036 1061 1078; x_wconf 86' lang='lat' dir='ltr'><strong>e</strong></span> <span class='ocrx_word' id='word_1_30' title='bbox 1090 1041 1219 1097; x_wconf 69' lang='grc' dir='ltr'><strong>σωματι,</strong></span> 
     </span>
     <span class='ocr_line' id='line_1_5' title="bbox 100 1123 1220 1214; baseline 0.002 -23"><span class='ocrx_word' id='word_1_31' title='bbox 100 1153 115 1191; x_wconf 85' lang='lat' dir='ltr'><strong>s</strong></span> <span class='ocrx_word' id='word_1_32' title='bbox 142 1140 233 1194; x_wconf 67' lang='grc' dir='ltr'><strong>ιλλι</strong></span> <span class='ocrx_word' id='word_1_33' title='bbox 255 1139 434 1214; x_wconf 83' lang='lat' dir='ltr'><strong>postquam</strong></span> <span class='ocrx_word' id='word_1_34' title='bbox 456 1123 634 1188; x_wconf 88' lang='lat' dir='ltr'><strong>absolverit</strong></span> <span class='ocrx_word' id='word_1_35' title='bbox 654 1150 809 1206; x_wconf 70' lang='grc' dir='ltr'><strong><em>μυστηριον</em></strong></span> <span class='ocrx_word' id='word_1_36' title='bbox 830 1124 914 1188; x_wconf 92' lang='lat' dir='ltr'><strong>illnd</strong></span> <span class='ocrx_word' id='word_1_37' title='bbox 932 1139 965 1190; x_wconf 87' lang='lat' dir='ltr'><strong>et</strong></span> <span class='ocrx_word' id='word_1_38' title='bbox 980 1129 1049 1190; x_wconf 91' lang='lat' dir='ltr'><strong>eius</strong></span> <span class='ocrx_word' id='word_1_39' title='bbox 1064 1154 1220 1209; x_wconf 68' lang='grc' dir='ltr'><strong>σχημητο</strong></span> 
     </span>
    </p>

    <p class='ocr_par' dir='ltr' id='par_1_2' title="bbox 11 1236 1332 3368">
     <span class='ocr_line' id='line_1_6' title="bbox 141 1236 1332 1329; baseline 0 -22"><span class='ocrx_word' id='word_1_40' title='bbox 141 1253 175 1307; x_wconf 86' lang='lat' dir='ltr'><strong>et</strong></span> <span class='ocrx_word' id='word_1_41' title='bbox 197 1243 267 1306; x_wconf 88' lang='lat' dir='ltr'><strong>eius</strong></span> <span class='ocrx_word' id='word_1_42' title='bbox 289 1264 401 1309; x_wconf 73' lang='lat' dir='ltr'><strong>roanos</strong></span> <span class='ocrx_word' id='word_1_43' title='bbox 423 1260 553 1314; x_wconf 89' lang='lat' dir='ltr'><strong>omnes,</strong></span> <span class='ocrx_word' id='word_1_44' title='bbox 583 1249 660 1324; x_wconf 91' lang='lat' dir='ltr'><strong>post</strong></span> <span class='ocrx_word' id='word_1_45' title='bbox 682 1236 762 1302; x_wconf 82' lang='lat' dir='ltr'><strong>bseo</strong></span> <span class='ocrx_word' id='word_1_46' title='bbox 787 1240 885 1323; x_wconf 86' lang='lat' dir='ltr'><strong>igitur</strong></span> <span class='ocrx_word' id='word_1_47' title='bbox 907 1237 990 1304; x_wconf 83' lang='lat' dir='ltr'><strong>bora</strong></span> <span class='ocrx_word' id='word_1_48' title='bbox 1020 1244 1124 1318; x_wconf 86' lang='lat' dir='ltr'><strong>omni,</strong></span> <span class='ocrx_word' id='word_1_49' title='bbox 1154 1265 1219 1329; x_wconf 90' lang='lat' dir='ltr'><strong>qua</strong></span> <span class='ocrx_word' id='word_1_50' title='bbox 1257 1243 1332 1319; x_wconf 74' lang='lat'><strong>278</strong></span> 
     </span>
     <span class='ocr_line' id='line_1_7' title="bbox 141 1349 1219 1442; baseline -0.002 -19"><span class='ocrx_word' id='word_1_51' title='bbox 141 1379 274 1442; x_wconf 68' lang='grc' dir='ltr'><strong>ονομιηι</strong></span> <span class='ocrx_word' id='word_1_52' title='bbox 292 1379 448 1437; x_wconf 64' lang='lat' dir='ltr'><strong>pompus</strong></span> <span class='ocrx_word' id='word_1_53' title='bbox 469 1349 566 1426; x_wconf 86' lang='lat' dir='ltr'><strong>illud,</strong></span> <span class='ocrx_word' id='word_1_54' title='bbox 596 1349 779 1416; x_wconf 83' lang='lat' dir='ltr'><strong>servabitur</strong></span> <span class='ocrx_word' id='word_1_55' title='bbox 801 1350 844 1415; x_wconf 92' lang='lat' dir='ltr'><strong>ab</strong></span> <span class='ocrx_word' id='word_1_56' title='bbox 867 1351 916 1416; x_wconf 91' lang='lat' dir='ltr'><strong>bis</strong></span> <span class='ocrx_word' id='word_1_57' title='bbox 941 1352 1106 1430; x_wconf 87' lang='lat' dir='ltr'><strong>omnibus,</strong></span> <span class='ocrx_word' id='word_1_58' title='bbox 1135 1378 1219 1442; x_wconf 85' lang='lat' dir='ltr'><strong>quae</strong></span> 
     </span>
     <span class='ocr_line' id='line_1_8' title="bbox 142 1463 1221 1555; baseline 0.001 -21"><span class='ocrx_word' id='word_1_59' title='bbox 142 1467 306 1534; x_wconf 84' lang='lat' dir='ltr'><strong>destinata</strong></span> <span class='ocrx_word' id='word_1_60' title='bbox 328 1467 358 1531; x_wconf 90' lang='lat' dir='ltr'><strong>ei</strong></span> <span class='ocrx_word' id='word_1_61' title='bbox 380 1465 422 1530; x_wconf 86' lang='lat' dir='ltr'><strong>ab</strong></span> <span class='ocrx_word' id='word_1_62' title='bbox 445 1491 592 1552; x_wconf 70' lang='grc' dir='ltr'><strong>ιρχουσιν</strong></span> <span class='ocrx_word' id='word_1_63' title='bbox 612 1463 800 1549; x_wconf 59' lang='lat' dir='ltr'><strong>sinopitem,</strong></span> <span class='ocrx_word' id='word_1_64' title='bbox 831 1478 864 1530; x_wconf 88' lang='lat' dir='ltr'><strong>et</strong></span> <span class='ocrx_word' id='word_1_65' title='bbox 892 1465 948 1531; x_wconf 93' lang='lat' dir='ltr'><strong>illo</strong></span> <span class='ocrx_word' id='word_1_66' title='bbox 975 1480 1125 1555; x_wconf 86' lang='lat' dir='ltr'><strong>tempore</strong></span> <span class='ocrx_word' id='word_1_67' title='bbox 1154 1474 1221 1535; x_wconf 86' lang='lat' dir='ltr'><strong>exit</strong></span> 
     </span>
     <span class='ocr_line' id='line_1_9' title="bbox 13 1575 1220 1672; baseline 0.001 -26"><span class='ocrx_word' id='word_1_68' title='bbox 13 1659 14 1668; x_wconf 9' lang='grc' dir='ltr'>χ</span> <span class='ocrx_word' id='word_1_69' title='bbox 143 1604 162 1646; x_wconf 81' lang='lat' dir='ltr'><strong>e</strong></span> <span class='ocrx_word' id='word_1_70' title='bbox 186 1605 305 1657; x_wconf 72' lang='grc' dir='ltr'><strong><em>σωματι</em></strong></span> <span class='ocrx_word' id='word_1_71' title='bbox 322 1581 397 1652; x_wconf 72' lang='grc' dir='ltr'><strong>ὕλης</strong></span> <span class='ocrx_word' id='word_1_72' title='bbox 416 1605 576 1663; x_wconf 62' lang='lat' dir='ltr'><strong>nazarum,</strong></span> <span class='ocrx_word' id='word_1_73' title='bbox 601 1591 634 1642; x_wconf 87' lang='lat' dir='ltr'><strong>et</strong></span> <span class='ocrx_word' id='word_1_74' title='bbox 656 1600 715 1642; x_wconf 83' lang='lat' dir='ltr'><strong>sua</strong></span> <span class='ocrx_word' id='word_1_75' title='bbox 736 1575 832 1663; x_wconf 63' lang='grc' dir='ltr'><strong>ψυχη</strong></span> <span class='ocrx_word' id='word_1_76' title='bbox 856 1581 917 1642; x_wconf 84' lang='lat' dir='ltr'><strong>erit</strong></span> <span class='ocrx_word' id='word_1_77' title='bbox 938 1602 1056 1667; x_wconf 80' lang='lat' dir='ltr'><strong>magna</strong></span> <span class='ocrx_word' id='word_1_78' title='bbox 1079 1584 1220 1672; x_wconf 67' lang='grc' dir='ltr'><strong>απορῥοῖιι</strong></span> 
     </span>
     <span class='ocr_line' id='line_1_10' title="bbox 12 1691 1218 1784; baseline -0.002 -20"><span class='ocrx_word' id='word_1_79' title='bbox 12 1747 14 1784; x_wconf 39' lang='lat' dir='ltr'><strong>p</strong></span> <span class='ocrx_word' id='word_1_80' title='bbox 88 1721 116 1764; x_wconf 83' lang='lat' dir='ltr'><strong>ro</strong></span> <span class='ocrx_word' id='word_1_81' title='bbox 143 1694 286 1769; x_wconf 90' lang='lat' dir='ltr'><strong>luminis,</strong></span> <span class='ocrx_word' id='word_1_82' title='bbox 307 1705 346 1758; x_wconf 89' lang='lat' dir='ltr'><strong>ut</strong></span> <span class='ocrx_word' id='word_1_83' title='bbox 367 1692 457 1758; x_wconf 92' lang='lat' dir='ltr'><strong>volet</strong></span> <span class='ocrx_word' id='word_1_84' title='bbox 477 1695 512 1758; x_wconf 91' lang='lat' dir='ltr'><strong>in</strong></span> <span class='ocrx_word' id='word_1_85' title='bbox 535 1691 740 1757; x_wconf 80' lang='lat' dir='ltr'>altitudinem</span> <span class='ocrx_word' id='word_1_86' title='bbox 765 1705 798 1756; x_wconf 91' lang='lat' dir='ltr'><strong>et</strong></span> <span class='ocrx_word' id='word_1_87' title='bbox 819 1705 964 1756; x_wconf 87' lang='lat' dir='ltr'><strong>transeat</strong></span> <span class='ocrx_word' id='word_1_88' title='bbox 979 1719 1083 1764; x_wconf 67' lang='lat' dir='ltr'><strong>aaroni</strong></span> <span class='ocrx_word' id='word_1_89' title='bbox 1105 1717 1218 1762; x_wconf 88' lang='lat' dir='ltr'><strong>omnes</strong></span> 
     </span>
     <span class='ocr_line' id='line_1_11' title="bbox 12 1804 1219 1900; baseline 0.002 -29"><span class='ocrx_word' id='word_1_90' title='bbox 12 1861 15 1900; x_wconf 42' lang='lat' dir='ltr'>t</span> <span class='ocrx_word' id='word_1_91' title='bbox 143 1833 295 1892; x_wconf 66' lang='lat' dir='ltr'><strong>apxovrnv</strong></span> <span class='ocrx_word' id='word_1_92' title='bbox 311 1819 344 1871; x_wconf 89' lang='lat' dir='ltr'><strong>et</strong></span> <span class='ocrx_word' id='word_1_93' title='bbox 365 1831 472 1877; x_wconf 67' lang='lat' dir='ltr'><strong>saxove</strong></span> <span class='ocrx_word' id='word_1_94' title='bbox 494 1829 608 1872; x_wconf 89' lang='lat' dir='ltr'><strong>omnes</strong></span> <span class='ocrx_word' id='word_1_95' title='bbox 630 1806 770 1882; x_wconf 82' lang='lat' dir='ltr'><strong>luminis,</strong></span> <span class='ocrx_word' id='word_1_96' title='bbox 795 1804 845 1876; x_wconf 75' lang='grc' dir='ltr'><strong>ἕως</strong></span> <span class='ocrx_word' id='word_1_97' title='bbox 867 1829 972 1893; x_wconf 89' lang='lat' dir='ltr'><strong>usque</strong></span> <span class='ocrx_word' id='word_1_98' title='bbox 995 1807 1072 1873; x_wconf 89' lang='lat' dir='ltr'><strong>dum</strong></span> <span class='ocrx_word' id='word_1_99' title='bbox 1093 1813 1219 1875; x_wconf 88' lang='lat' dir='ltr'><strong>venerit</strong></span> 
     </span>
     <span class='ocr_line' id='line_1_12' title="bbox 141 1919 1219 2006; baseline -0.001 -17"><span class='ocrx_word' id='word_1_100' title='bbox 141 1926 178 1988; x_wconf 90' lang='lat' dir='ltr'><strong>in</strong></span> <span class='ocrx_word' id='word_1_101' title='bbox 199 1947 285 1988; x_wconf 65' lang='lat' dir='ltr'><strong>aanor</strong></span> <span class='ocrx_word' id='word_1_102' title='bbox 308 1923 358 1986; x_wconf 88' lang='lat' dir='ltr'><strong>sui</strong></span> <span class='ocrx_word' id='word_1_103' title='bbox 380 1923 485 2006; x_wconf 83' lang='lat' dir='ltr'><strong>regni,</strong></span> <span class='ocrx_word' id='word_1_104' title='bbox 517 1947 582 1986; x_wconf 80' lang='lat' dir='ltr'><strong>oon</strong></span> <span class='ocrx_word' id='word_1_105' title='bbox 606 1919 686 1986; x_wconf 80' lang='lat' dir='ltr'><strong>daus</strong></span> <span class='ocrx_word' id='word_1_106' title='bbox 713 1930 881 2006; x_wconf 70' lang='grc' dir='ltr'>αποφωσιν,</span> <span class='ocrx_word' id='word_1_107' title='bbox 911 1923 971 1986; x_wconf 81' lang='grc' dir='ltr'><strong>ουτ’</strong></span> <span class='ocrx_word' id='word_1_108' title='bbox 989 1937 1158 2006; x_wconf 67' lang='grc' dir='ltr'>απολσγιιν</span> <span class='ocrx_word' id='word_1_109' title='bbox 1184 1927 1219 1988; x_wconf 90' lang='lat' dir='ltr'><strong>in</strong></span> 
     </span>
     <span class='ocr_line' id='line_1_13' title="bbox 141 2033 1219 2122; baseline -0.002 -20"><span class='ocrx_word' id='word_1_110' title='bbox 141 2036 211 2102; x_wconf 91' lang='lat' dir='ltr'><strong>ullo</strong></span> <span class='ocrx_word' id='word_1_111' title='bbox 235 2061 325 2120; x_wconf 79' lang='grc' dir='ltr'><em>τοτῳ,</em></span> <span class='ocrx_word' id='word_1_112' title='bbox 349 2035 529 2112; x_wconf 59' lang='lat' dir='ltr'><strong>navatianos</strong></span> <span class='ocrx_word' id='word_1_113' title='bbox 547 2060 607 2119; x_wconf 71' lang='grc' dir='ltr'><strong>γιρ</strong></span> <span class='ocrx_word' id='word_1_114' title='bbox 632 2047 690 2100; x_wconf 76' lang='lat' dir='ltr'><strong>est</strong></span> <span class='ocrx_word' id='word_1_115' title='bbox 735 2033 823 2099; x_wconf 87' lang='lat' dir='ltr'><strong>Haeo</strong></span> <span class='ocrx_word' id='word_1_116' title='bbox 846 2038 944 2120; x_wconf 82' lang='lat' dir='ltr'><strong>igitur</strong></span> <span class='ocrx_word' id='word_1_117' title='bbox 966 2059 1069 2122; x_wconf 87' lang='lat' dir='ltr'><strong>quum</strong></span> <span class='ocrx_word' id='word_1_118' title='bbox 1086 2036 1219 2102; x_wconf 80' lang='lat' dir='ltr'>dixisset</span> 
     </span>
     <span class='ocr_line' id='line_1_14' title="bbox 141 2147 1217 2237; baseline 0.001 -22"><span class='ocrx_word' id='word_1_119' title='bbox 141 2149 243 2224; x_wconf 85' lang='lat' dir='ltr'><strong>lesus,</strong></span> <span class='ocrx_word' id='word_1_120' title='bbox 266 2151 409 2237; x_wconf 77' lang='lat' dir='ltr'><strong>perrexit</strong></span> <span class='ocrx_word' id='word_1_121' title='bbox 430 2147 533 2214; x_wconf 81' lang='lat' dir='ltr'><strong>Maria</strong></span> <span class='ocrx_word' id='word_1_122' title='bbox 556 2162 762 2234; x_wconf 79' lang='lat' dir='ltr'><strong>prosternere</strong></span> <span class='ocrx_word' id='word_1_123' title='bbox 786 2171 819 2213; x_wconf 91' lang='lat' dir='ltr'><strong>se</strong></span> <span class='ocrx_word' id='word_1_124' title='bbox 843 2147 884 2213; x_wconf 90' lang='lat' dir='ltr'><strong>ad</strong></span> <span class='ocrx_word' id='word_1_125' title='bbox 907 2149 1007 2235; x_wconf 90' lang='lat' dir='ltr'><strong>pedes</strong></span> <span class='ocrx_word' id='word_1_126' title='bbox 1029 2149 1112 2227; x_wconf 88' lang='lat' dir='ltr'><strong>lesu,</strong></span> <span class='ocrx_word' id='word_1_127' title='bbox 1137 2151 1217 2216; x_wconf 90' lang='lat' dir='ltr'><strong>dans</strong></span> 
     </span>
     <span class='ocr_line' id='line_1_15' title="bbox 12 2261 1218 2364; baseline -0.002 -32"><span class='ocrx_word' id='word_1_128' title='bbox 12 2327 15 2364; x_wconf 63' lang='grc' dir='ltr'>Ι</span> <span class='ocrx_word' id='word_1_129' title='bbox 88 2290 115 2333; x_wconf 77' lang='lat' dir='ltr'><strong>ra</strong></span> <span class='ocrx_word' id='word_1_130' title='bbox 144 2263 256 2330; x_wconf 88' lang='lat' dir='ltr'><strong>osenla</strong></span> <span class='ocrx_word' id='word_1_131' title='bbox 278 2265 331 2338; x_wconf 87' lang='lat' dir='ltr'><strong>iis,</strong></span> <span class='ocrx_word' id='word_1_132' title='bbox 360 2261 454 2326; x_wconf 85' lang='lat' dir='ltr'>dixit:</span> <span class='ocrx_word' id='word_1_133' title='bbox 487 2263 531 2328; x_wconf 90' lang='lat' dir='ltr'><strong>mi</strong></span> <span class='ocrx_word' id='word_1_134' title='bbox 554 2261 701 2338; x_wconf 85' lang='lat' dir='ltr'><strong>domine,</strong></span> <span class='ocrx_word' id='word_1_135' title='bbox 731 2289 771 2327; x_wconf 80' lang='lat' dir='ltr'><strong>m</strong></span> <span class='ocrx_word' id='word_1_136' title='bbox 800 2262 1008 2349; x_wconf 78' lang='lat' dir='ltr'><strong>interrogabo</strong></span> <span class='ocrx_word' id='word_1_137' title='bbox 1030 2277 1078 2340; x_wconf 84' lang='lat' dir='ltr'><strong>te,</strong></span> <span class='ocrx_word' id='word_1_138' title='bbox 1108 2265 1218 2330; x_wconf 89' lang='lat' dir='ltr'><strong>revela</strong></span> 
     </span>
     <span class='ocr_line' id='line_1_16' title="bbox 141 2375 1216 2462; baseline -0.001 -18"><span class='ocrx_word' id='word_1_139' title='bbox 141 2377 246 2452; x_wconf 84' lang='lat' dir='ltr'><strong>nobis,</strong></span> <span class='ocrx_word' id='word_1_140' title='bbox 274 2389 308 2442; x_wconf 89' lang='lat' dir='ltr'><strong>et</strong></span> <span class='ocrx_word' id='word_1_141' title='bbox 336 2397 377 2442; x_wconf 89' lang='lat' dir='ltr'><strong>ne</strong></span> <span class='ocrx_word' id='word_1_142' title='bbox 401 2376 469 2440; x_wconf 87' lang='lat' dir='ltr'><strong>cela</strong></span> <span class='ocrx_word' id='word_1_143' title='bbox 496 2399 566 2440; x_wconf 89' lang='lat' dir='ltr'><strong>nos.</strong></span> <span class='ocrx_word' id='word_1_144' title='bbox 618 2375 832 2462; x_wconf 82' lang='lat' dir='ltr'><strong>Respondeas</strong></span> <span class='ocrx_word' id='word_1_145' title='bbox 862 2376 951 2442; x_wconf 87' lang='lat' dir='ltr'><strong>lesus</strong></span> <span class='ocrx_word' id='word_1_146' title='bbox 979 2377 1060 2443; x_wconf 81' lang='lat' dir='ltr'>dixit</span> <span class='ocrx_word' id='word_1_147' title='bbox 1082 2381 1216 2444; x_wconf 83' lang='lat' dir='ltr'><strong>Mariae:</strong></span> 
     </span>
     <span class='ocr_line' id='line_1_17' title="bbox 138 2489 1218 2581; baseline 0.001 -25"><span class='ocrx_word' id='word_1_148' title='bbox 138 2493 277 2577; x_wconf 86' lang='lat' dir='ltr'><strong>inquire,</strong></span> <span class='ocrx_word' id='word_1_149' title='bbox 302 2489 393 2576; x_wconf 92' lang='lat' dir='ltr'><strong>quod</strong></span> <span class='ocrx_word' id='word_1_150' title='bbox 408 2489 594 2574; x_wconf 81' lang='lat' dir='ltr'><strong>exploratis,</strong></span> <span class='ocrx_word' id='word_1_151' title='bbox 614 2502 648 2553; x_wconf 90' lang='lat' dir='ltr'><strong>et</strong></span> <span class='ocrx_word' id='word_1_152' title='bbox 663 2512 721 2575; x_wconf 88' lang='lat' dir='ltr'><strong>ego</strong></span> <span class='ocrx_word' id='word_1_153' title='bbox 738 2490 891 2556; x_wconf 81' lang='lat' dir='ltr'><strong>revelabo</strong></span> <span class='ocrx_word' id='word_1_154' title='bbox 908 2489 1001 2556; x_wconf 91' lang='lat' dir='ltr'><strong>vobis</strong></span> <span class='ocrx_word' id='word_1_155' title='bbox 1020 2494 1054 2556; x_wconf 90' lang='lat' dir='ltr'><strong>in</strong></span> <span class='ocrx_word' id='word_1_156' title='bbox 1070 2497 1218 2581; x_wconf 56' lang='lat' dir='ltr'><strong>rapiaris</strong></span> 
     </span>
     <span class='ocr_line' id='line_1_18' title="bbox 141 2603 1218 2695; baseline -0.001 -24"><span class='ocrx_word' id='word_1_157' title='bbox 141 2608 209 2671; x_wconf 87' lang='lat' dir='ltr'><strong>sine</strong></span> <span class='ocrx_word' id='word_1_158' title='bbox 232 2605 406 2695; x_wconf 69' lang='grc' dir='ltr'>παραβολῃ.</span> <span class='ocrx_word' id='word_1_159' title='bbox 444 2603 659 2690; x_wconf 88' lang='lat' dir='ltr'><strong>Respondens</strong></span> <span class='ocrx_word' id='word_1_160' title='bbox 681 2604 784 2668; x_wconf 88' lang='lat' dir='ltr'><strong>Maria</strong></span> <span class='ocrx_word' id='word_1_161' title='bbox 808 2603 903 2669; x_wconf 84' lang='lat' dir='ltr'>dixit:</span> <span class='ocrx_word' id='word_1_162' title='bbox 928 2608 970 2671; x_wconf 93' lang='lat' dir='ltr'><strong>mi</strong></span> <span class='ocrx_word' id='word_1_163' title='bbox 987 2605 1127 2682; x_wconf 89' lang='lat' dir='ltr'><strong>domine,</strong></span> <span class='ocrx_word' id='word_1_164' title='bbox 1150 2629 1218 2670; x_wconf 91' lang='lat' dir='ltr'><strong>non</strong></span> 
     </span>
     <span class='ocr_line' id='line_1_19' title="bbox 11 2717 1218 2809; baseline 0.001 -25"><span class='ocrx_word' id='word_1_165' title='bbox 11 2793 12 2800; x_wconf 8' lang='grc' dir='ltr'>ἵ</span> <span class='ocrx_word' id='word_1_166' title='bbox 141 2717 264 2784; x_wconf 85' lang='lat' dir='ltr'><strong>duxisti</strong></span> <span class='ocrx_word' id='word_1_167' title='bbox 286 2745 436 2802; x_wconf 73' lang='grc' dir='ltr'><strong><em>μυστηρισ,</em></strong></span> <span class='ocrx_word' id='word_1_168' title='bbox 458 2720 493 2782; x_wconf 92' lang='lat' dir='ltr'><strong>in</strong></span> <span class='ocrx_word' id='word_1_169' title='bbox 508 2745 619 2800; x_wconf 77' lang='grc' dir='ltr'>κοσμον</span> <span class='ocrx_word' id='word_1_170' title='bbox 634 2732 770 2805; x_wconf 86' lang='lat' dir='ltr'><strong>propter</strong></span> <span class='ocrx_word' id='word_1_171' title='bbox 789 2733 1017 2807; x_wconf 87' lang='lat' dir='ltr'><strong>paupertatem</strong></span> <span class='ocrx_word' id='word_1_172' title='bbox 1035 2734 1067 2785; x_wconf 96' lang='lat' dir='ltr'><strong>et</strong></span> <span class='ocrx_word' id='word_1_173' title='bbox 1082 2735 1218 2809; x_wconf 84' lang='lat' dir='ltr'><strong>propter</strong></span> 
     </span>
     <span class='ocr_line' id='line_1_20' title="bbox 11 2815 1218 2926; baseline -0.002 -26"><span class='ocrx_word' id='word_1_174' title='bbox 11 2815 14 2926; x_wconf 40' lang='grc' dir='ltr'><em>ζ</em></span> <span class='ocrx_word' id='word_1_175' title='bbox 89 2859 116 2900; x_wconf 69' lang='lat' dir='ltr'><strong>n</strong></span> <span class='ocrx_word' id='word_1_176' title='bbox 143 2831 346 2919; x_wconf 87' lang='lat' dir='ltr'><strong>opulentiam</strong></span> <span class='ocrx_word' id='word_1_177' title='bbox 375 2845 408 2895; x_wconf 90' lang='lat' dir='ltr'><strong>et</strong></span> <span class='ocrx_word' id='word_1_178' title='bbox 435 2845 572 2919; x_wconf 90' lang='lat' dir='ltr'><strong>propter</strong></span> <span class='ocrx_word' id='word_1_179' title='bbox 599 2831 800 2896; x_wconf 84' lang='lat' dir='ltr'><strong>debilitatem</strong></span> <span class='ocrx_word' id='word_1_180' title='bbox 829 2845 862 2896; x_wconf 90' lang='lat' dir='ltr'><strong>et</strong></span> <span class='ocrx_word' id='word_1_181' title='bbox 889 2832 992 2898; x_wconf 88' lang='lat' dir='ltr'><strong>robur</strong></span> <span class='ocrx_word' id='word_1_182' title='bbox 1021 2847 1054 2898; x_wconf 91' lang='lat' dir='ltr'><strong>et</strong></span> <span class='ocrx_word' id='word_1_183' title='bbox 1082 2848 1218 2920; x_wconf 87' lang='lat' dir='ltr'><strong>propter</strong></span> 
     </span>
     <span class='ocr_line' id='line_1_21' title="bbox 11 2939 1217 3032; baseline -0.003 -18"><span class='ocrx_word' id='word_1_184' title='bbox 11 2939 12 2942; x_wconf 23' lang='lat'>¹</span> <span class='ocrx_word' id='word_1_185' title='bbox 141 2970 250 3015; x_wconf 64' lang='lat' dir='ltr'><strong>rivam</strong></span> <span class='ocrx_word' id='word_1_186' title='bbox 273 2955 306 3008; x_wconf 88' lang='lat' dir='ltr'><strong>et</strong></span> <span class='ocrx_word' id='word_1_187' title='bbox 327 2970 419 3026; x_wconf 69' lang='grc' dir='ltr'><strong>σωμα</strong></span> <span class='ocrx_word' id='word_1_188' title='bbox 442 2967 574 3022; x_wconf 88' lang='lat' dir='ltr'><strong>sanum,</strong></span> <span class='ocrx_word' id='word_1_189' title='bbox 604 2945 691 3032; x_wconf 66' lang='grc' dir='ltr'><strong>ἁπωξ</strong></span> <span class='ocrx_word' id='word_1_190' title='bbox 710 2949 817 3014; x_wconf 70' lang='lat' dir='ltr'><strong>datur</strong></span> <span class='ocrx_word' id='word_1_191' title='bbox 839 2959 975 3032; x_wconf 85' lang='lat' dir='ltr'><strong>propter</strong></span> <span class='ocrx_word' id='word_1_192' title='bbox 997 2945 1076 3010; x_wconf 85' lang='lat' dir='ltr'><strong>haee</strong></span> <span class='ocrx_word' id='word_1_193' title='bbox 1105 2946 1217 3012; x_wconf 90' lang='lat' dir='ltr'><strong>buius·</strong></span> 
     </span>
     <span class='ocr_line' id='line_1_22' title="bbox 140 3057 1217 3145; baseline -0.002 -19"><span class='ocrx_word' id='word_1_194' title='bbox 140 3057 234 3126; x_wconf 88' lang='lat' dir='ltr'><strong>modi</strong></span> <span class='ocrx_word' id='word_1_195' title='bbox 258 3060 381 3134; x_wconf 86' lang='lat' dir='ltr'><strong>omnia,</strong></span> <span class='ocrx_word' id='word_1_196' title='bbox 409 3073 461 3134; x_wconf 86' lang='lat' dir='ltr'><strong>ut,</strong></span> <span class='ocrx_word' id='word_1_197' title='bbox 485 3081 588 3145; x_wconf 89' lang='lat' dir='ltr'><strong>quum</strong></span> <span class='ocrx_word' id='word_1_198' title='bbox 609 3062 795 3126; x_wconf 86' lang='lat' dir='ltr'><strong>venerimus</strong></span> <span class='ocrx_word' id='word_1_199' title='bbox 818 3062 852 3124; x_wconf 92' lang='lat' dir='ltr'><strong>in</strong></span> <span class='ocrx_word' id='word_1_200' title='bbox 874 3085 979 3126; x_wconf 64' lang='lat' dir='ltr'><strong>aaziae</strong></span> <span class='ocrx_word' id='word_1_201' title='bbox 998 3086 1112 3140; x_wconf 72' lang='grc' dir='ltr'><em>χωραι,</em></span> <span class='ocrx_word' id='word_1_202' title='bbox 1136 3073 1169 3124; x_wconf 91' lang='lat' dir='ltr'><strong>et</strong></span> <span class='ocrx_word' id='word_1_203' title='bbox 1190 3063 1217 3124; x_wconf 91' lang='lat' dir='ltr'><strong>si</strong></span> 
     </span>
     <span class='ocr_line' id='line_1_23' title="bbox 140 3172 1217 3250; baseline -0.004 -10"><span class='ocrx_word' id='word_1_204' title='bbox 140 3172 232 3240; x_wconf 90' lang='lat' dir='ltr'><strong>baud</strong></span> <span class='ocrx_word' id='word_1_205' title='bbox 255 3199 431 3239; x_wconf 73' lang='grc' dir='ltr'><strong><em>πιστευσωσι</em></strong></span> <span class='ocrx_word' id='word_1_206' title='bbox 457 3172 552 3238; x_wconf 86' lang='lat' dir='ltr'><strong>nobis</strong></span> <span class='ocrx_word' id='word_1_207' title='bbox 583 3187 616 3240; x_wconf 92' lang='lat' dir='ltr'><strong>et</strong></span> <span class='ocrx_word' id='word_1_208' title='bbox 644 3172 734 3238; x_wconf 87' lang='lat' dir='ltr'><strong>baud</strong></span> <span class='ocrx_word' id='word_1_209' title='bbox 763 3174 948 3238; x_wconf 84' lang='lat' dir='ltr'><strong>audiverint</strong></span> <span class='ocrx_word' id='word_1_210' title='bbox 977 3186 1091 3238; x_wconf 89' lang='lat' dir='ltr'><strong>nostra</strong></span> <span class='ocrx_word' id='word_1_211' title='bbox 1122 3173 1217 3250; x_wconf 84' lang='lat' dir='ltr'><strong>dieta,</strong></span> 
     </span>
     <span class='ocr_line' id='line_1_24' title="bbox 142 3286 1219 3368; baseline -0.004 -14"><span class='ocrx_word' id='word_1_212' title='bbox 142 3287 302 3354; x_wconf 81' lang='lat' dir='ltr'><strong>iaciamus</strong></span> <span class='ocrx_word' id='word_1_213' title='bbox 324 3313 480 3368; x_wconf 73' lang='grc' dir='ltr'><strong>μυστηρων</strong></span> <span class='ocrx_word' id='word_1_214' title='bbox 502 3286 727 3352; x_wconf 85' lang='lat' dir='ltr'><strong>huiuscemodi</strong></span> <span class='ocrx_word' id='word_1_215' title='bbox 752 3290 787 3352; x_wconf 92' lang='lat' dir='ltr'><strong>in</strong></span> <span class='ocrx_word' id='word_1_216' title='bbox 814 3313 911 3354; x_wconf 67' lang='lat' dir='ltr'><strong>aaron</strong></span> <span class='ocrx_word' id='word_1_217' title='bbox 939 3287 1015 3362; x_wconf 87' lang='lat' dir='ltr'><strong>illis,</strong></span> <span class='ocrx_word' id='word_1_218' title='bbox 1050 3301 1088 3352; x_wconf 91' lang='lat' dir='ltr'><strong>ut</strong></span> <span class='ocrx_word' id='word_1_219' title='bbox 1115 3289 1219 3351; x_wconf 87' lang='lat' dir='ltr'><strong>sciant</strong></span> 
     </span>
    </p>

    <p class='ocr_par' dir='ltr' id='par_1_3' title="bbox 11 3379 1330 3720">
     <span class='ocr_line' id='line_1_25' title="bbox 11 3379 1330 3489; baseline -0.002 -20"><span class='ocrx_word' id='word_1_220' title='bbox 11 3379 14 3406; x_wconf 57' lang='lat'><em>¹</em></span> <span class='ocrx_word' id='word_1_221' title='bbox 86 3429 116 3471; x_wconf 71' lang='lat' dir='ltr'>n</span> <span class='ocrx_word' id='word_1_222' title='bbox 143 3403 261 3472; x_wconf 68' lang='grc' dir='ltr'><strong>αληθωε</strong></span> <span class='ocrx_word' id='word_1_223' title='bbox 284 3403 318 3466; x_wconf 84' lang='lat' dir='ltr'><strong>in</strong></span> <span class='ocrx_word' id='word_1_224' title='bbox 333 3404 477 3478; x_wconf 86' lang='lat' dir='ltr'><strong>veritate,</strong></span> <span class='ocrx_word' id='word_1_225' title='bbox 500 3425 561 3468; x_wconf 87' lang='lat' dir='ltr'><strong>nos</strong></span> <span class='ocrx_word' id='word_1_226' title='bbox 584 3427 735 3484; x_wconf 73' lang='grc' dir='ltr'><strong><em>κηρυσσειν</em></strong></span> <span class='ocrx_word' id='word_1_227' title='bbox 755 3399 857 3465; x_wconf 77' lang='lat' dir='ltr'><strong>verba</strong></span> <span class='ocrx_word' id='word_1_228' title='bbox 879 3403 1032 3466; x_wconf 88' lang='lat' dir='ltr'><strong>universi.</strong></span> <span class='ocrx_word' id='word_1_229' title='bbox 1069 3401 1217 3489; x_wconf 87' lang='lat' dir='ltr'><strong>Respon·</strong></span> <span class='ocrx_word' id='word_1_230' title='bbox 1256 3401 1330 3477; x_wconf 68' lang='lat'><strong>279</strong></span> 
     </span>
     <span class='ocr_line' id='line_1_26' title="bbox 142 3515 1218 3602; baseline -0.001 -20"><span class='ocrx_word' id='word_1_231' title='bbox 142 3515 222 3582; x_wconf 90' lang='lat' dir='ltr'><strong>dens</strong></span> <span class='ocrx_word' id='word_1_232' title='bbox 246 3543 338 3594; x_wconf 76' lang='grc' dir='ltr'><strong><em>σωτηρ</em></strong></span> <span class='ocrx_word' id='word_1_233' title='bbox 362 3515 442 3582; x_wconf 85' lang='lat' dir='ltr'><strong>dixit</strong></span> <span class='ocrx_word' id='word_1_234' title='bbox 456 3518 578 3582; x_wconf 87' lang='lat' dir='ltr'><strong>Mariae</strong></span> <span class='ocrx_word' id='word_1_235' title='bbox 600 3520 635 3582; x_wconf 87' lang='lat' dir='ltr'><strong>in</strong></span> <span class='ocrx_word' id='word_1_236' title='bbox 657 3515 772 3580; x_wconf 90' lang='lat' dir='ltr'><strong>mediis</strong></span> <span class='ocrx_word' id='word_1_237' title='bbox 794 3515 951 3595; x_wconf 65' lang='lat' dir='ltr'><strong>paderna,</strong></span> <span class='ocrx_word' id='word_1_238' title='bbox 975 3515 1015 3580; x_wconf 95' lang='lat' dir='ltr'><strong>de</strong></span> <span class='ocrx_word' id='word_1_239' title='bbox 1031 3515 1103 3593; x_wconf 88' lang='lat' dir='ltr'><strong>boc,</strong></span> <span class='ocrx_word' id='word_1_240' title='bbox 1128 3515 1218 3602; x_wconf 92' lang='lat' dir='ltr'><strong>quod</strong></span> 
     </span>
     <span class='ocr_line' id='line_1_27' title="bbox 138 3630 1216 3720; baseline -0.001 -23"><span class='ocrx_word' id='word_1_241' title='bbox 138 3633 347 3720; x_wconf 84' lang='lat' dir='ltr'><strong>interrogatis</strong></span> <span class='ocrx_word' id='word_1_242' title='bbox 375 3655 443 3710; x_wconf 91' lang='lat' dir='ltr'><strong>me,</strong></span> <span class='ocrx_word' id='word_1_243' title='bbox 474 3630 548 3696; x_wconf 89' lang='lat' dir='ltr'><strong>dedi</strong></span> <span class='ocrx_word' id='word_1_244' title='bbox 576 3630 672 3696; x_wconf 86' lang='lat' dir='ltr'><strong>vobis</strong></span> <span class='ocrx_word' id='word_1_245' title='bbox 702 3631 766 3696; x_wconf 91' lang='lat' dir='ltr'><strong>alio</strong></span> <span class='ocrx_word' id='word_1_246' title='bbox 794 3643 957 3717; x_wconf 88' lang='lat' dir='ltr'><strong>tempore,</strong></span> <span class='ocrx_word' id='word_1_247' title='bbox 992 3635 1064 3698; x_wconf 70' lang='grc' dir='ltr'><strong>αλλ’</strong></span> <span class='ocrx_word' id='word_1_248' title='bbox 1089 3631 1216 3696; x_wconf 87' lang='lat' dir='ltr'><strong>iterabo</strong></span> 
     </span>
    </p>
   </div>
   <div class='ocr_carea' id='block_1_2' title="bbox 138 3743 1217 3832">
    <p class='ocr_par' dir='ltr' id='par_1_4' title="bbox 138 3743 1217 3832">
     <span class='ocr_line' id='line_1_28' title="bbox 138 3743 1217 3832; baseline -0.003 -20"><span class='ocrx_word' id='word_1_249' title='bbox 138 3768 270 3822; x_wconf 77' lang='lat' dir='ltr'><strong>nurus,</strong></span> <span class='ocrx_word' id='word_1_250' title='bbox 299 3759 339 3812; x_wconf 87' lang='lat' dir='ltr'><strong>ut</strong></span> <span class='ocrx_word' id='word_1_251' title='bbox 361 3745 469 3812; x_wconf 80' lang='lat' dir='ltr'><strong>dicam</strong></span> <span class='ocrx_word' id='word_1_252' title='bbox 495 3745 590 3812; x_wconf 86' lang='lat' dir='ltr'><strong>vobis</strong></span> <span class='ocrx_word' id='word_1_253' title='bbox 618 3743 772 3812; x_wconf 86' lang='lat' dir='ltr'><strong>verbum:</strong></span> <span class='ocrx_word' id='word_1_254' title='bbox 801 3767 888 3810; x_wconf 89' lang='lat' dir='ltr'><strong>nuno</strong></span> <span class='ocrx_word' id='word_1_255' title='bbox 915 3747 1014 3832; x_wconf 82' lang='lat' dir='ltr'><strong>igitur</strong></span> <span class='ocrx_word' id='word_1_256' title='bbox 1044 3773 1093 3812; x_wconf 77' lang='grc' dir='ltr'><strong>ουν</strong></span> <span class='ocrx_word' id='word_1_257' title='bbox 1114 3745 1217 3810; x_wconf 89' lang='lat' dir='ltr'><strong>blaria</strong></span> 
     </span>
    </p>
   </div>
   <div class='ocr_carea' id='block_1_3' title="bbox 140 3927 1333 4525">
    <p class='ocr_par' dir='ltr' id='par_1_5' title="bbox 140 3927 1333 4525">
     <span class='ocr_line' id='line_1_29' title="bbox 227 3927 1333 4016; baseline 0.007 -29"><span class='ocrx_word' id='word_1_258' title='bbox 227 3927 256 3987; x_wconf 81' lang='grc'><strong>4.</strong></span> <span class='ocrx_word' id='word_1_259' title='bbox 279 3929 387 3991; x_wconf 81' lang='lat' dir='ltr'><strong>iaciens</strong></span> <span class='ocrx_word' id='word_1_260' title='bbox 409 3933 486 4008; x_wconf 82' lang='lat' dir='ltr'><strong>(add.</strong></span> <span class='ocrx_word' id='word_1_261' title='bbox 517 3937 621 4016; x_wconf 64' lang='lat' dir='ltr'><strong>„pm”</strong></span> <span class='ocrx_word' id='word_1_262' title='bbox 650 3937 697 4013; x_wconf 86' lang='lat' dir='ltr'><strong>P.)</strong></span> <span class='ocrx_word' id='word_1_263' title='bbox 767 3938 816 3998; x_wconf 82' lang='lat'><strong>18.</strong></span> <span class='ocrx_word' id='word_1_264' title='bbox 843 3957 904 3996; x_wconf 90' lang='lat' dir='ltr'><strong>non</strong></span> <span class='ocrx_word' id='word_1_265' title='bbox 932 3935 1053 4016; x_wconf 86' lang='lat' dir='ltr'><strong>(utique</strong></span> <span class='ocrx_word' id='word_1_266' title='bbox 1078 3956 1138 3995; x_wconf 88' lang='lat' dir='ltr'><strong>non</strong></span> <span class='ocrx_word' id='word_1_267' title='bbox 1168 3935 1217 4011; x_wconf 88' lang='lat' dir='ltr'><strong>P.)</strong></span> <span class='ocrx_word' id='word_1_268' title='bbox 1328 3951 1333 3962; x_wconf 88' lang='lat'><em>·</em></span> 
     </span>
     <span class='ocr_line' id='line_1_30' title="bbox 142 4030 1215 4120; baseline 0.005 -32"><span class='ocrx_word' id='word_1_269' title='bbox 142 4031 194 4092; x_wconf 72' lang='lat'><strong>21.</strong></span> <span class='ocrx_word' id='word_1_270' title='bbox 217 4051 323 4101; x_wconf 77' lang='grc' dir='ltr'><strong><em>σινητιν</em></strong></span> <span class='ocrx_word' id='word_1_271' title='bbox 344 4030 404 4105; x_wconf 81' lang='lat' dir='ltr'><strong>(vel</strong></span> <span class='ocrx_word' id='word_1_272' title='bbox 426 4033 527 4110; x_wconf 81' lang='lat' dir='ltr'><strong>potius</strong></span> <span class='ocrx_word' id='word_1_273' title='bbox 548 4037 725 4110; x_wconf 75' lang='grc' dir='ltr'><strong><em>,,σ·ινησεισ.”</em></strong></span> <span class='ocrx_word' id='word_1_274' title='bbox 760 4037 796 4096; x_wconf 89' lang='lat' dir='ltr'><strong>In</strong></span> <span class='ocrx_word' id='word_1_275' title='bbox 819 4049 900 4098; x_wconf 82' lang='lat' dir='ltr'><strong>textu</strong></span> <span class='ocrx_word' id='word_1_276' title='bbox 919 4036 1030 4120; x_wconf 84' lang='lat' dir='ltr'><strong>legitur</strong></span> <span class='ocrx_word' id='word_1_277' title='bbox 1044 4039 1066 4094; x_wconf 71' lang='grc' dir='ltr'>Ε</span> <span class='ocrx_word' id='word_1_278' title='bbox 1081 4055 1215 4094; x_wconf 70' lang='lat' dir='ltr'><strong>caunac.</strong></span> 
     </span>
     <span class='ocr_line' id='line_1_31' title="bbox 142 4128 1216 4220; baseline 0.002 -27"><span class='ocrx_word' id='word_1_279' title='bbox 142 4129 203 4193; x_wconf 88' lang='lat' dir='ltr'><strong>Sed</strong></span> <span class='ocrx_word' id='word_1_280' title='bbox 226 4149 316 4209; x_wconf 88' lang='lat' dir='ltr'><strong>quum</strong></span> <span class='ocrx_word' id='word_1_281' title='bbox 339 4128 427 4190; x_wconf 85' lang='lat' dir='ltr'><strong>talem</strong></span> <span class='ocrx_word' id='word_1_282' title='bbox 449 4151 552 4192; x_wconf 87' lang='lat' dir='ltr'><strong>vocem</strong></span> <span class='ocrx_word' id='word_1_283' title='bbox 575 4134 682 4196; x_wconf 84' lang='lat' dir='ltr'><strong>Graeci</strong></span> <span class='ocrx_word' id='word_1_284' title='bbox 711 4157 770 4196; x_wconf 88' lang='lat' dir='ltr'><strong>non</strong></span> <span class='ocrx_word' id='word_1_285' title='bbox 798 4148 977 4220; x_wconf 77' lang='lat' dir='ltr'><strong>agnoscant,</strong></span> <span class='ocrx_word' id='word_1_286' title='bbox 1005 4147 1036 4196; x_wconf 87' lang='lat' dir='ltr'><strong>et</strong></span> <span class='ocrx_word' id='word_1_287' title='bbox 1058 4157 1074 4196; x_wconf 84' lang='lat' dir='ltr'><strong>e</strong></span> <span class='ocrx_word' id='word_1_288' title='bbox 1096 4157 1161 4196; x_wconf 88' lang='lat' dir='ltr'><strong>cum</strong></span> <span class='ocrx_word' id='word_1_289' title='bbox 1182 4155 1216 4213; x_wconf 71' lang='lat' dir='ltr'><strong>r,</strong></span> 
     </span>
     <span class='ocr_line' id='line_1_32' title="bbox 140 4227 1218 4316; baseline 0.004 -23"><span class='ocrx_word' id='word_1_290' title='bbox 140 4251 166 4293; x_wconf 81' lang='lat' dir='ltr'><strong>tr</strong></span> <span class='ocrx_word' id='word_1_291' title='bbox 187 4247 294 4292; x_wconf 74' lang='lat' dir='ltr'><strong>ennae</strong></span> <span class='ocrx_word' id='word_1_292' title='bbox 322 4227 398 4289; x_wconf 82' lang='lat' dir='ltr'><strong>baud</strong></span> <span class='ocrx_word' id='word_1_293' title='bbox 425 4250 493 4292; x_wconf 83' lang='lat' dir='ltr'><strong>raro</strong></span> <span class='ocrx_word' id='word_1_294' title='bbox 518 4233 549 4293; x_wconf 91' lang='lat' dir='ltr'><strong>in</strong></span> <span class='ocrx_word' id='word_1_295' title='bbox 576 4233 659 4295; x_wconf 80' lang='lat' dir='ltr'><strong>libris</strong></span> <span class='ocrx_word' id='word_1_296' title='bbox 685 4237 809 4316; x_wconf 84' lang='lat' dir='ltr'><strong>copticis</strong></span> <span class='ocrx_word' id='word_1_297' title='bbox 836 4237 1070 4314; x_wconf 79' lang='lat' dir='ltr'><strong>confundantur,</strong></span> <span class='ocrx_word' id='word_1_298' title='bbox 1099 4237 1218 4298; x_wconf 88' lang='lat' dir='ltr'><strong>videtur</strong></span> 
     </span>
     <span class='ocr_line' id='line_1_33' title="bbox 140 4330 1218 4423; baseline 0.004 -29"><span class='ocrx_word' id='word_1_299' title='bbox 140 4330 214 4394; x_wconf 77' lang='lat' dir='ltr'><strong>anibi</strong></span> <span class='ocrx_word' id='word_1_300' title='bbox 236 4349 362 4390; x_wconf 74' lang='lat' dir='ltr'><strong>unaue</strong></span> <span class='ocrx_word' id='word_1_301' title='bbox 382 4331 526 4414; x_wconf 86' lang='lat' dir='ltr'><strong>scripturn</strong></span> <span class='ocrx_word' id='word_1_302' title='bbox 548 4353 603 4414; x_wconf 87' lang='lat' dir='ltr'><strong>pro</strong></span> <span class='ocrx_word' id='word_1_303' title='bbox 625 4353 763 4395; x_wconf 79' lang='lat' dir='ltr'><strong>cratere.</strong></span> <span class='ocrx_word' id='word_1_304' title='bbox 797 4337 877 4398; x_wconf 84' lang='lat' dir='ltr'><strong>lnlra</strong></span> <span class='ocrx_word' id='word_1_305' title='bbox 897 4358 964 4422; x_wconf 81' lang='lat' dir='ltr'><strong>pag.</strong></span> <span class='ocrx_word' id='word_1_306' title='bbox 987 4359 1049 4420; x_wconf 81' lang='lat' dir='ltr'><strong>seq.</strong></span> <span class='ocrx_word' id='word_1_307' title='bbox 1065 4334 1118 4398; x_wconf 81' lang='lat' dir='ltr'><strong>l.7</strong></span> <span class='ocrx_word' id='word_1_308' title='bbox 1141 4337 1218 4423; x_wconf 77' lang='lat' dir='ltr'><strong>legi·</strong></span> 
     </span>
     <span class='ocr_line' id='line_1_34' title="bbox 140 4429 1054 4525; baseline 0.009 -33"><span class='ocrx_word' id='word_1_309' title='bbox 140 4440 194 4492; x_wconf 77' lang='lat' dir='ltr'><strong>tur</strong></span> <span class='ocrx_word' id='word_1_310' title='bbox 214 4449 360 4492; x_wconf 70' lang='grc' dir='ltr'><strong>ει-Ιιωεκ</strong></span> <span class='ocrx_word' id='word_1_311' title='bbox 379 4429 430 4514; x_wconf 86' lang='grc' dir='ltr'><strong>Ρ.)</strong></span> <span class='ocrx_word' id='word_1_312' title='bbox 485 4431 535 4494; x_wconf 74' lang='grc'><strong>26.</strong></span> <span class='ocrx_word' id='word_1_313' title='bbox 556 4431 594 4498; x_wconf 83' lang='lat' dir='ltr'><strong>de</strong></span> <span class='ocrx_word' id='word_1_314' title='bbox 614 4433 673 4496; x_wconf 79' lang='lat' dir='ltr'><strong>boc</strong></span> <span class='ocrx_word' id='word_1_315' title='bbox 693 4433 772 4515; x_wconf 73' lang='lat' dir='ltr'><strong>(add.</strong></span> <span class='ocrx_word' id='word_1_316' title='bbox 794 4437 986 4525; x_wconf 62' lang='lat' dir='ltr'><strong>„pompm”</strong></span> <span class='ocrx_word' id='word_1_317' title='bbox 1005 4437 1054 4520; x_wconf 86' lang='lat' dir='ltr'><strong>P.)</strong></span> 
     </span>
    </p>
   </div>
   <div class='ocr_carea' id='block_1_4' title="bbox 0 0 1632 5340">
    <p class='ocr_par' dir='ltr' id='par_1_6' title="bbox 0 0 1632 5340">
     <span class='ocr_line' id='line_1_35' title="bbox 0 0 1632 5340; baseline 0 1"><span class='ocrx_word' id='word_1_318' title='bbox 0 0 1632 5340; x_wconf 95' lang='lat' dir='ltr'><strong> </strong></span> 
     </span>
    </p>
   </div>
  </div>
 </body>
</html>
