3254 5340
924 458 968 526 86

409 653 523 710 suunt
550 640 611 707 sibi
639 661 656 706 e
678 631 857 704 luminibus
879 637 1004 709 πιῖπιως
1028 643 1154 725 eidnec,
1183 657 1268 724 quae
1296 639 1487 725 eripuerunt

408 757 575 846 προβολαις
601 751 762 830 andedam,
793 765 883 818 ιλλα
905 754 1086 816 iniecerunt
1114 773 1155 816 ea
1181 753 1216 816 in
1243 776 1339 817 πιστιν
1363 759 1486 838 coptus,

410 885 509 957 atque
530 873 651 934 iterum
672 867 826 942 verbum,
855 866 945 952 quod
969 865 1063 930 dixit:
1093 877 1309 952 „acceperunt
1338 868 1486 952 vigonem

408 987 444 1050 in
466 1007 518 1048 me
542 984 576 1046 hi
599 985 656 1070 qui
680 994 757 1046 sunt
779 981 904 1056 soluti,”
929 979 1019 1064 quod
1043 991 1093 1042 est
1114 979 1190 1042 hoc:
1216 978 1297 1042 aliae
1311 981 1398 1043 vires
1415 1001 1485 1043 om-

407 1121 466 1164 nes
489 1123 612 1166 πιστεως
631 1105 752 1182 captas,
776 1115 857 1178 quas
878 1093 969 1157 haud
992 1091 1198 1156 abstulerunt
1220 1091 1370 1178 προβολαι
1389 1092 1484 1159 aude·
1523 1118 1535 1156 s

408 1209 485 1288 douc,
506 1208 603 1274 valde
626 1206 793 1295 praeditae
810 1220 888 1270 sunt
908 1209 1020 1293 vigore
1037 1219 1070 1270 et
1083 1204 1236 1292 impletae
1251 1206 1374 1268 lumine
1389 1229 1409 1269 a
1424 1227 1484 1270 suo

408 1327 497 1389 socio
520 1324 658 1396 lumine,
689 1319 780 1406 quod
808 1322 990 1384 iniecerunt
1017 1343 1055 1384 ea
1083 1322 1117 1382 in
1144 1319 1225 1382 illas.
1270 1318 1316 1383 Et
1335 1318 1484 1396 verbum,

296 1432 368 1506 134
409 1435 500 1523 quod
527 1449 585 1499 tua
612 1438 661 1500 vis
691 1435 786 1498 dixit:
814 1433 1041 1510 „vivificarunt
1061 1430 1192 1519 ψυχας,
1220 1435 1381 1496 eiicientes
1404 1433 1482 1496 hali·

407 1565 490 1628 tum,
512 1563 552 1613 ut
574 1571 614 1614 ne
637 1548 870 1626 morerentur,”
894 1545 985 1633 quod
1007 1547 1070 1610 hoe
1093 1560 1156 1610 est:
1180 1556 1284 1631 quum
1301 1549 1486 1611 iniecissent

405 1664 533 1728 lumina
547 1667 581 1726 in
595 1689 690 1728 πιστιν
709 1673 829 1748 captur,
852 1659 1061 1724 vivifiearunt
1082 1686 1175 1742 σωμα,
1191 1662 1258 1724 eius
1274 1663 1357 1736 ύλης,
1380 1683 1400 1723 a
1416 1683 1481 1745 que
1510 1685 1534 1726 re

407 1777 532 1842 lumina
561 1801 621 1842 sua
651 1775 814 1840 abstulere
843 1776 949 1862 prius,
977 1774 1054 1850 hoe,
1085 1772 1176 1860 quod
1199 1787 1269 1838 erat
1291 1776 1483 1860 periturum

406 1891 516 1976 Atque
539 1895 658 1956 iterum
679 1890 828 1964 verbum,
853 1887 942 1974 quod
966 1901 1023 1951 tua
1040 1891 1089 1952 vis
1106 1887 1201 1952 dixit:
1225 1890 1484 1963 „constituerunt

406 2018 504 2091 μελη,
535 2027 618 2089 quae
642 2004 785 2090 collapsa
809 2015 894 2079 sunt,
918 2014 976 2066 aut
997 2014 1098 2065 utne
1122 2000 1369 2076 eol-laberentur,
1393 2000 1484 2088 quod

407 2117 472 2182 hoe
495 2131 558 2181 est:
582 2139 686 2201 quum
708 2117 893 2180 intulissent
907 2118 941 2179 in
956 2137 1030 2179 eam
1046 2118 1114 2180 eius
1130 2115 1262 2192 lumina,
1286 2117 1484 2180 constituere
1606 2121 1610 2202 1

409 2231 441 2316 (i.
457 2251 484 2292 e.
501 2230 644 2314 erexere)
669 2233 737 2294 eius
759 2233 846 2294 vires
870 2243 999 2305 omnes‚'
1017 2251 1101 2314 quae
1124 2242 1218 2293 erant
1240 2228 1482 2306 dissolvendae;
1511 2254 1534 2295 u

407 2353 507 2426 atque
531 2345 630 2405 etiam
643 2369 731 2407 aare
747 2341 894 2418 modum,
919 2365 984 2428 quo
1001 2357 1060 2405 tua
1074 2345 1123 2406 vis
1139 2342 1269 2406 luminis
1286 2341 1382 2406 dixit:
1406 2341 1483 2418 „de-

408 2453 528 2520 derunt
549 2454 652 2519 robur
676 2477 789 2520 earum
811 2456 975 2543 audian&
1004 2455 1094 2540 quod
1115 2456 1178 2519 hoe
1202 2469 1267 2520 est:
1289 2469 1485 2542 receperunt

406 2571 527 2633 iterum
540 2569 670 2632 illorum
683 2570 794 2634 lumen
807 2584 905 2655 atque
918 2569 1023 2634 saetae
1035 2583 1120 2644 sunt,
1137 2573 1220 2633 sieut
1231 2568 1365 2632 suerunt
1376 2573 1483 2655 prius:

408 2695 506 2766 atque
523 2684 622 2746 etiam
636 2683 784 2760 verbum,
809 2683 898 2768 quod
922 2683 1019 2747 dixit:
1044 2683 1225 2760 „dederunt
1238 2683 1351 2745 lumen
1366 2703 1484 2746 eorum

408 2795 519 2870 oculis,
543 2795 634 2881 quod
648 2797 710 2861 hoe
727 2811 789 2862 est:
813 2811 1008 2885 acceperunt
1025 2796 1156 2870 erulam
1178 2799 1212 2860 in
1233 2796 1356 2860 lumine
1379 2808 1413 2860 et
1426 2817 1483 2862 eo·
1510 2821 1537 2862 ι

406 2922 592 2995 gnoverunt
615 2915 770 2999 απορῤσιαν
796 2911 945 2986 luminis,
973 2909 1064 2997 quod
1087 2913 1250 2997 pertineat
1271 2908 1314 2974 ad
1336 2909 1483 2974 altitudi-

406 3045 491 3087 nem.
541 3022 650 3110 Atque
685 3027 785 3090 etiam
819 3023 975 3100 verbum,
1011 3023 1102 3109 quod
1132 3023 1225 3087 dixit:
1262 3025 1338 3098 „isti
1369 3045 1483 3088 omnes

407 3150 634 3224 cognoverunt
662 3159 695 3202 se
723 3142 757 3202 in
785 3137 933 3214 domino,
962 3136 1053 3223 quod
1081 3138 1144 3202 hoe
1173 3151 1236 3202 est:
1258 3139 1344 3201 vires
1369 3159 1484 3202 omnes

405 3275 530 3322 πιστεως
554 3261 666 3337 copae:
694 3273 875 3337 cognovere
905 3273 939 3314 se
962 3253 1100 3314 invicem
1126 3273 1187 3338 per
1210 3251 1364 3339 ωποῤῥωαν
1385 3251 1484 3314 lumi·

405 3351 472 3440 nis:
496 3377 596 3448 atque
620 3366 717 3427 etiam
739 3363 888 3439 verbum,
913 3363 1003 3449 quod
1027 3364 1120 3427 dixit:
1145 3368 1283 3438 „servati
1304 3379 1380 3428 sunt
1396 3387 1484 3450 aqua
1508 3390 1534 3430 a:
1603 3341 1609 3434 ὟῘ

405 3477 493 3540 vitae
516 3497 622 3559 usque
646 3475 688 3540 ad
712 3489 897 3552 aeternum,
930 3477 1020 3561 quod
1048 3479 1113 3542 hoe
1139 3490 1202 3541 est:
1234 3491 1381 3544 servatae
1406 3491 1485 3542 sunt

405 3607 465 3672 per
488 3589 642 3673 απορῤοιαν
666 3589 796 3653 luminis
820 3592 938 3668 totius:
955 3604 1067 3675 atque
1094 3589 1244 3666 verbum,
1273 3590 1364 3679 quod
1387 3591 1482 3654 dixit:

407 3701 568 3773 „attraxit
585 3722 640 3764 eos
658 3723 770 3766 omnes
787 3703 929 3791 ωπιῤῥοια.
950 3703 1082 3768 luminis
1106 3716 1140 3768 et
1163 3707 1296 3768 attraxit
1311 3726 1366 3769 eos
1384 3725 1484 3790 super

404 3813 575 3900 templum,
599 3815 689 3900 quod
704 3829 767 3882 est:
793 3840 896 3903 quum
919 3820 1062 3906 ωπυρῤοιω
1084 3817 1214 3882 luminis
1239 3822 1415 3906 accepisset
1430 3818 1482 3882 lu·

295 3925 366 4000 135
405 3930 495 3992 mina
519 3931 629 3994 omnia
651 3945 775 4002 τιστεως
798 3942 919 4016 copres,
943 3944 976 3996 et
999 3954 1102 4017 quum
1124 3935 1297 4020 eripuisset
1318 3954 1358 3996 ea
1377 3955 1396 3994 a
1412 3958 1483 4015 προ·
1509 3958 1534 4000 a
1607 3959 1608 4013 r

405 4041 515 4118 βολαις
535 4042 690 4121 aventius,
713 4047 822 4108 iniecit
845 4048 936 4109 eain
950 4071 1045 4111 πιστιν
1064 4055 1186 4132 reptas,
1210 4059 1308 4131 atque
1325 4066 1485 4110 conversa

407 4167 466 4231 est,
489 4159 566 4220 exiit
589 4179 607 4222 e
631 4157 727 4235 chao,
752 4157 920 4226 adscendit
941 4161 976 4223 in
998 4157 1241 4246 perfectionem,
1273 4158 1364 4246 quod
1386 4171 1425 4224 tu
1447 4180 1484 4223 es

488 4385 540 4446 32.
562 4388 593 4448 in
615 4390 832 4468 perfectionem
853 4393 916 4472 (vel
938 4393 1123 4475 „superte”
1145 4393 1195 4472 P.)
