3240 5328
140 679 388 762 nspessewwcnt
412 691 445 746 et
468 681 604 744 exierint
622 701 640 745 e
655 705 778 763 σωμασι
800 677 890 746 haud
904 708 1139 769 μετανοησασαι,
1162 683 1222 752 ho·
1269 671 1303 724 ⁵<

141 797 268 860 minum
292 795 425 860 illorum
448 819 537 879 κρισις
560 797 653 882 peior
676 815 777 881 quam
799 819 890 876 κρισις
913 797 1029 871 omnis,
1052 810 1150 883 etque
1174 813 1224 864 est

105 964 110 974 .
141 911 294 983 maxima,
318 937 374 974 eei
398 911 425 972 si
440 906 552 993 ψυχαι
574 907 648 972 illae
672 930 778 972 novae
802 911 876 982 sint,
900 923 932 973 et
954 911 1060 997 prima
1075 914 1146 975 vice
1166 934 1223 976 ve-

140 1025 249 1086 nerint
271 1024 306 1086 in
328 1047 449 1096 escun,
472 1020 563 1084 haud
586 1035 779 1086 convertent
794 1043 828 1085 se
845 1022 887 1086 ad
909 1019 1091 1106 μεταβσΛὶις
1107 1049 1222 1107 euentu

103 1158 116 1197 s
143 1163 291 1218 σωμωτων
306 1133 381 1198 inde
398 1132 439 1196 ab
456 1134 519 1196 hoc
539 1146 699 1220 tempore,
723 1147 756 1196 et
771 1156 838 1198 non
853 1148 992 1220 possunt
1007 1136 1112 1201 facere
1130 1125 1223 1223 quid-

143 1271 244 1336 quam
269 1252 391 1335 operis,
416 1248 488 1312 αλλ’
508 1249 634 1310 eiicient
657 1267 712 1310 eas
735 1247 769 1308 in
791 1260 901 1333 partes
926 1261 1089 1325 externas,
1112 1253 1147 1313 in
1170 1273 1222 1314 ea*

143 1361 276 1447 liginem
299 1375 475 1434 externam,
499 1373 533 1424 et
555 1371 815 1435 ωνωλισκησονταε,
838 1373 877 1423 ut
892 1363 957 1424 sint
976 1361 1064 1426 haud
1083 1365 1221 1427 existen·
1255 1375 1283 1430 λι

145 1486 194 1538 tes
218 1495 323 1559 usque
351 1473 394 1537 ad
421 1485 600 1536 aeternum.
645 1473 734 1536 Haec
763 1469 794 1537 dx
826 1495 928 1557 quum
957 1473 1092 1539 dixisset
1119 1503 1222 1559 σωτηρ,

145 1585 226 1650 dixit
256 1589 321 1650 suis
352 1585 515 1668 μαθηταιςε
549 1611 649 1662 steen,
686 1584 853 1671 quomodo
884 1585 1054 1650 vobiscum
1084 1588 1222 1673 loquar?

92 1727 117 1766 tt
144 1699 284 1785 Pergens
306 1699 410 1764 Maria
434 1699 527 1763 dixitz
557 1702 688 1785 utique,
718 1700 763 1761 mi
787 1698 931 1774 domine,
960 1704 1083 1780 ipsane
1111 1701 1221 1779 verba,
1260 1698 1336 1771 308

145 1835 230 1899 quae
254 1812 371 1877 dixisti.
415 1813 508 1877 Nunc
531 1815 643 1898 igitur,
674 1815 720 1876 mi
744 1799 888 1888 domine,
918 1812 979 1876 hoc
1004 1826 1054 1877 est
1074 1813 1222 1894 verbum,

145 1925 236 2013 quod
260 1925 382 1990 dixisti:
406 1929 462 2013 qui
485 1929 669 2012 acceperint
690 1953 840 2009 μυστηριω
859 1925 1048 2004 ineffabilis,
1070 1937 1223 2014 nexuisse

143 2067 280 2126 μεντοιγε
304 2053 381 2104 sunt
402 2038 513 2126 ψυχωι
536 2040 625 2115 illae,
653 2053 744 2105 αλλα.
774 2043 799 2103 si
823 2043 1044 2104 converterint
1066 2063 1100 2106 se
1123 2067 1222 2121 nepe-

144 2154 318 2232 desitum,
341 2167 380 2217 ut
403 2153 562 2218 desistant
583 2156 617 2216 in
641 2175 701 2216 sua
723 2179 831 2230 neven,
856 2167 888 2218 et
911 2156 936 2218 si
951 2157 1100 2218 venerint
1123 2177 1140 2219 e
1164 2181 1222 2220 σω·

92 2295 118 2334 ss
144 2293 222 2352 ματι
244 2266 334 2332 haud
356 2293 595 2347 petenensem,
623 2289 691 2330 non
718 2279 857 2353 possunt
884 2266 959 2332 inde
990 2268 1030 2332 ab
1054 2269 1117 2332 hoe
1139 2281 1222 2348 tem-

143 2403 224 2470 pore
248 2394 438 2446 convertere
455 2403 489 2444 se
508 2379 549 2444 ad
564 2381 745 2462 μεταβολαις
761 2407 909 2464 σωματος,
929 2379 991 2446 ovd
1007 2383 1112 2446 ullum
1129 2403 1222 2468 opus,

143 2497 217 2562 αλλ’
236 2498 367 2560 eiiciunt
389 2516 444 2559 eas
468 2493 574 2570 foras,
601 2496 634 2556 in
659 2494 827 2579 caliginem
851 2506 1032 2569 externam,
1057 2509 1222 2568 ωνωλισκη-

144 2635 243 2676 enmv
266 2632 321 2674 eas
344 2612 378 2673 in
401 2610 474 2672 loco
502 2609 574 2681 illo,
607 2620 639 2670 et
668 2621 767 2671 erunt
793 2606 880 2671 haud
914 2611 1086 2672 existentes
1117 2627 1223 2694 usque

146 2721 189 2786 sd
213 2735 391 2798 aeternum,
410 2759 447 2771 -
475 2719 515 2785 de
537 2719 640 2786 verbo
665 2720 773 2784 dixisti
795 2721 890 2784 nobis
914 2721 991 2785 olim
1017 2721 1139 2788 dicens:
1162 2723 1222 2787 bo·

1 2917 2 2922 γ
93 2863 120 2904 st
147 2857 209 2900 nus
234 2847 283 2898 est
306 2835 362 2908 sal,
386 2838 412 2900 si
436 2834 484 2899 sel
506 2833 613 2898 sactus
633 2837 675 2896 sit
690 2833 812 2908 fatuus,
835 2856 979 2919 quonam
996 2836 1111 2899 salient
1127 2835 1222 2901 eum?

145 2947 221 3014 Non
245 2960 295 3012 est
316 2947 403 3013 utilis
419 2975 534 3036 κοτριᾳ,
560 2946 625 3013 ende
640 2959 762 3022 terrae,
786 2941 864 3011 αλκ
876 2948 1008 3009 eiiciunt
1028 2967 1103 3010 eum
1123 2947 1222 3023 sores,

147 3060 240 3149 quod
270 3075 319 3126 est
347 3062 422 3126 hoc:
457 3087 599 3146 μακαρια.
629 3074 678 3124 est
705 3057 801 3147 ψυχη
837 3061 970 3145 quaevis
1002 3071 1174 3143 acceptura
1205 3081 1223 3126 e

145 3199 315 3260 μυστηριοις
336 3175 528 3252 ineffabilis,
557 3187 648 3242 αλλω
676 3177 702 3238 si
725 3174 887 3260 παραβωσι
910 3174 1027 3250 semel,
1057 3195 1124 3237 non
1147 3186 1225 3237 sunt

147 3289 245 3354 utiles
269 3289 311 3354 ad
335 3290 570 3355 convertendas
594 3310 629 3354 se
651 3292 686 3353 in
708 3315 801 3372 σωμω
823 3287 899 3352 inde
922 3287 964 3351 ab
982 3287 1044 3351 hoe
1065 3301 1224 3374 tempore,

94 3429 122 3470 ss
150 3403 286 3469 tvd’ulli
308 3407 371 3481 rei,
400 3405 472 3470 eM'
490 3407 616 3468 eiicient
639 3425 692 3468 eas
715 3406 750 3466 in
776 3402 945 3488 caliginem
974 3413 1157 3478 externam,
1185 3411 1225 3465 ut

149 3531 348 3584 ανιλισκωσιν
372 3539 424 3584 ees
448 3521 482 3582 in
496 3519 552 3582 illo
576 3518 660 3582 loeo.
697 3516 785 3582 Haec
809 3517 841 3582 δε
862 3539 964 3603 quum
986 3515 1115 3580 loeutus
1131 3541 1224 3603 σωτηρ

147 3645 241 3710 esset,
265 3632 359 3698 dixit:
383 3660 462 3718 ευγι,
482 3659 680 3712 ntundnan,
701 3647 841 3718 ειλικρινει
856 3631 988 3709 lumine,
1010 3631 1121 3707 Maria,
1145 3631 1225 3696 haec

148 3757 198 3808 est
227 3747 347 3811 solutio
375 3745 474 3810 verbi.
523 3745 663 3833 Pei-gens
695 3747 801 3811 adhuc
831 3747 933 3812 Maria
963 3745 1059 3810 dixit:
1089 3748 1134 3807 mi
1165 3743 1225 3840 dos
1263 3735 1339 3809 309

148 3854 250 3950 utine,
273 3855 459 3920 hominibus
484 3859 649 3934 omnibus,
673 3864 727 3943 qui
752 3862 935 3944 acceperint
956 3879 1107 3940 μυστηρια.
1128 3853 1226 3940 primi

231 4019 262 4081 7.
284 4029 520 4093 αναλιπιησονται
544 4025 751 4098 (αναλωσ-ονται
773 4025 820 4094 Ρ.)
878 4021 928 4082 14.
951 4043 968 4082 e
990 4044 1098 4090 σωματι
1120 4025 1152 4098 (e
1167 4045 1226 4080 σω-

147 4146 218 4193 μαπ
240 4122 288 4199 Ρ.)
344 4119 394 4182 15.
416 4142 477 4182 non
499 4134 627 4202 possunt
647 4122 697 4200 (ed
718 4121 840 4183 verbum
863 4143 953 4198 „non
976 4132 1047 4182 sunt
1062 4119 1150 4180 utiles
1165 4141 1227 4181 em·

148 4221 252 4304 plius‘’
274 4243 315 4282 sc.
337 4233 371 4281 ut
392 4243 424 4282 se
447 4233 631 4283 convertent.
660 4223 698 4284 ci.
720 4245 749 4304 p.
765 4220 814 4282 73.
837 4223 950 4300 comis.
973 4221 992 4282 Ι.
1006 4221 1036 4282 3.
1063 4220 1113 4297 Ρ.)
1176 4217 1225 4281 17.

148 4333 388 4395 auennensem-w
415 4327 625 4402 (αναλωσουσιν
650 4323 697 4399 Ρ.)
766 4319 817 4382 27.
851 4331 984 4409 υλικρινει
1013 4319 1126 4385 iumine
1153 4319 1225 4401 (dei.

103 4451 105 4456 ’
149 4420 319 4500 ‚,iumine‚”
340 4433 373 4484 et
393 4422 539 4485 scribetur
559 4421 754 4508 ‚floenfwns”
777 4421 825 4501 P.)
