3254 5340
143 699 162 744 e
183 701 300 764 κοσμῳ,
323 669 477 740 transibit
498 697 605 746 τοπους
627 695 741 740 omnes
766 698 916 764 αρχοντων
932 691 966 742 ct
986 702 1092 750 coccos
1107 685 1222 746 omnes

141 792 290 866 luminis,
328 791 469 854 existens
498 809 618 874 magna
645 788 787 877 απορῥοὶα.
815 789 962 867 luminis,
994 803 1092 878 atque
1123 796 1223 858 etiam

141 902 292 992 regnabit
315 923 413 989 super
429 925 533 969 τοπους
557 923 670 966 omnes
687 901 860 967 duodecim
882 931 1022 990 σωτηρων,
1045 918 1136 973 atta
1154 929 1222 972 non

144 1031 241 1082 erunt
267 1015 421 1102 aequales
450 1037 525 1078 cum
552 1015 601 1079 his
631 1019 687 1102 qui
716 1019 878 1101 accipiunt
904 1045 1060 1104 μυστηριον
1088 1023 1223 1085 unicum

9 1165 11 1200 ι
102 1150 117 1189 a
143 1129 334 1206 Incisabilis;
369 1142 460 1194 αλλω
484 1130 541 1213 qui
563 1132 724 1213 acceperit
744 1156 894 1215 μυστηριαι
915 1131 985 1208 illa,
1019 1133 1165 1197 manebit
1187 1136 1222 1198 in

142 1244 260 1333 τωξεσιν
282 1243 354 1318 illis,
377 1254 555 1329 propterea
578 1241 667 1329 quod
690 1257 768 1307 sunt
789 1247 997 1327 praestantia,
1021 1259 1054 1310 et
1075 1245 1222 1312 manebit

143 1365 179 1423 in
207 1354 310 1444 ταξεσι
338 1345 510 1419 duodecim
539 1382 679 1438 compos.
729 1355 866 1420 Factum
896 1369 957 1433 est,
996 1381 1100 1444 quum
1129 1359 1220 1426 lesus

147 1481 305 1536 cessasset
327 1468 431 1533 dicere
453 1469 533 1534 haec
556 1469 658 1534 verba
682 1472 748 1534 suis
770 1469 1128 1559 padaracc,'progressa
1151 1473 1220 1538 Ma·

9 1655 11 1662 ‚
145 1587 196 1648 ria
218 1582 409 1668 Magdalena
431 1583 542 1648 osculo
573 1583 652 1647 dato
679 1583 816 1668 pedibus
839 1575 914 1647 Iesu
940 1581 1033 1648 dixit:
1069 1588 1138 1661 „mi
1161 1584 1220 1650 do·

9 1745 15 1775 ι
89 1717 119 1758 ιο
145 1699 242 1772 mine,
266 1698 387 1760 sustine
410 1719 472 1772 mc,
495 1719 580 1761 neve
602 1700 741 1760 irascere
764 1696 843 1759 milri
867 1699 1035 1782 quaerenti
1057 1711 1107 1774 te,
1130 1712 1222 1765 αλλα

143 1814 297 1876 miserere
319 1801 438 1885 nostri,
464 1813 509 1874 mi
534 1809 680 1884 domine,
705 1823 738 1873 et
759 1809 883 1874 reveles
904 1808 998 1874 nobis
1020 1833 1073 1876 res
1097 1833 1220 1889 omnes,

144 1946 226 2010 quas
246 1923 537 2008 exploraverimus.
575 1923 668 1987 Nunc
684 1925 790 2010 igitur,
812 1927 858 1987 mi
875 1922 1015 2001 domine,
1037 1950 1099 1995 πως
1113 1927 1219 2012 primo

143 2064 295 2126 μυστκριῳ
331 2049 408 2100 sunt
438 2036 610 2101 duodecim
644 2037 815 2119 μυστηριοιῗ
872 2036 1031 2102 lneffahili
1062 2064 1221 2124 μυστηριον

145 2153 280 2214 unicum
303 2162 360 2212 est
397 2149 609 2234 Respondeas
632 2149 722 2215 Iesus
747 2150 828 2215 dixit
850 2153 894 2214 ei:
917 2179 1072 2237 μυστηριον
1087 2155 1221 2217 unicum

9 2295 19 2356 p
91 2284 121 2325 rs
146 2289 268 2349 μετοιγι
299 2274 349 2326 est
378 2265 419 2338 ci,
450 2276 539 2329 ωλλω
563 2290 721 2350 pompare
750 2263 831 2328 illud
861 2264 940 2334 facit
967 2267 1032 2330 tria
1060 2293 1220 2350 μυστηρια,

146 2375 237 2463 quod
258 2401 413 2458 μυστηρων
437 2378 568 2441 unicum
593 2391 657 2454 est,
688 2390 779 2444 ωλλα,
802 2381 910 2444 varius
933 2405 1022 2451 τυπος
1044 2383 1221 2466 unicuique

143 2513 273 2568 eorum;
297 2503 396 2575 atque
420 2493 517 2554 etiam
541 2491 619 2555 facit
639 2493 782 2578 quinque
805 2519 963 2574 μυστηρια,
988 2492 1077 2579 quod
1098 2496 1220 2558 iterum

141 2608 277 2670 unicum
300 2617 362 2680 est,
385 2616 477 2671 αλλα.
499 2608 609 2670 varius
632 2631 721 2674 coros
747 2609 1013 2693 uniuscuiusque,
1042 2611 1116 2673 dccc
1138 2607 1219 2671 haec

145 2722 289 2804 quinque
318 2743 466 2800 pompae
502 2719 652 2804 aequalia
684 2733 796 2784 ‘secum
826 2723 964 2785 invicem
998 2725 1033 2786 in
1067 2748 1219 2808 μυστηριῳ

9 2893 18 2930 ς
89 2852 118 2894 ao
144 2834 235 2918 regni
258 2835 293 2894 in
314 2843 500 2915 κλρονομιαις
522 2831 669 2908 luminis,
690 2845 780 2897 ωλλιι
802 2836 912 2897 varius
935 2859 1024 2903 soros
1046 2839 1220 2920 unicuique

146 2967 277 3022 eorum,
312 2957 480 3008 eteorum
503 2969 641 3032 regnum
671 2947 888 3030 praestantius
918 2957 952 3009 et
980 2946 1095 3010 elatius
1119 2969 1220 3032 quam

142 3082 281 3147 regnum
303 3073 413 3124 totum
429 3058 601 3124 duodecim
623 3085 787 3141 μυστηριων
803 3061 894 3134 iuxta
917 3080 951 3122 se
969 3061 1107 3122 invicem
1123 3059 1219 3142 primi

141 3201 313 3260 μυστηρωυ,
336 3187 428 3240 cate
450 3195 518 3237 non
541 3186 618 3237 sunt
641 3173 789 3259 aequalia
810 3175 846 3236 in
867 3193 967 3258 regno
989 3173 1086 3259 primi
1102 3197 1219 3253 μυστη-

142 3313 207 3374 pico·
218 3291 315 3372 primi
337 3307 498 3370 μυστηριου
513 3290 546 3350 in
569 3309 670 3373 regno
693 3287 835 3350 luminis.
862 3289 993 3367 Ὀμοιως
1009 3308 1141 3372 quoque
1156 3287 1219 3348 tria

9 3380 16 3394 ¹
90 3420 118 3460 rs
145 3426 294 3484 prosapta
316 3423 384 3465 non
413 3415 489 3465 sunt
516 3401 665 3486 aequalia
695 3422 827 3486 quoque
854 3402 889 3465 in
917 3421 1034 3488 regno,
1066 3398 1156 3486 quod
1184 3402 1219 3463 in

144 3513 282 3591 lumine,
312 3528 402 3579 αλλω
424 3517 536 3578 varius
563 3540 653 3583 τυπος
675 3517 931 3600 uniuscuiusque
961 3537 1090 3591 eorum,
1119 3526 1218 3601 atque

142 3630 205 3694 ista
228 3650 361 3715 quoque
383 3627 474 3692 haud
497 3642 574 3692 sunt
602 3619 751 3715 aequalia
777 3632 810 3693 in
838 3645 939 3716 regno
969 3652 1044 3695 cum
1066 3628 1218 3715 pompeo

143 3746 239 3806 unico
263 3745 361 3829 primi
384 3763 544 3827 pompos
567 3746 601 3807 in
623 3767 723 3831 regno
746 3745 893 3820 luminis,
928 3758 961 3808 et
989 3746 1100 3809 varius
1129 3765 1220 3811 mars

146 3875 278 3939 quoque
301 3857 475 3941 unicuique
499 3877 613 3921 corum
635 3861 736 3922 trium
760 3872 794 3922 ct
815 3884 905 3924 τυπος
923 3881 1085 3938 σχηματος
1107 3857 1218 3916 unius·

92 3989 120 4030 aa
147 3970 305 4052 cuiusque
329 3990 443 4032 eorum
471 3985 548 4035 sunt
574 3969 657 4036 varii
688 3994 709 4035 a
739 3991 772 4034 se
800 3973 955 4042 invicem;
990 3970 1134 4053 primum
1163 3989 1219 4045 μεν

146 4101 249 4166 quum
271 4080 443 4167 perfeceris
467 4087 536 4149 eius
551 4111 707 4168 μυστηριον
729 4085 821 4146 iuxta
836 4103 870 4146 se
892 4077 1040 4155 invicem,
1064 4090 1097 4143 ct
1116 4099 1219 4164 quum

145 4197 420 4274 constituerim,
443 4213 482 4264 ut
503 4197 651 4287 perficias
674 4196 763 4264 istud
785 4209 888 4263 καλως
913 4197 948 4258 in
970 4195 1036 4258 suis
1060 4217 1220 4280 σχημωσιν

145 4309 308 4389 omnibus,
331 4332 481 4400 egressus
504 4335 523 4380 e
545 4325 603 4379 tuo
620 4337 741 4400 copto
761 4309 847 4376 illico
871 4311 934 4375 eris
955 4330 1093 4397 magnus
1107 4307 1220 4378 radius
