3296 5354
654 441 698 511 75

135 625 250 690 lamen
273 633 324 690 est
352 642 499 699 mecum,
533 635 633 710 atque
661 625 760 688 etiam
788 643 848 712 ego
876 645 933 690 ero
964 645 1039 691 oum
1066 624 1215 693 lumine.”

135 739 226 805 Haec
248 737 353 804 verba
381 733 413 803 ds
442 735 523 800 dixit
551 761 648 810 πιστις
667 744 773 825 rodco.
823 737 917 804 Nune
945 743 1044 826 igitur
1075 743 1132 826 qui
1161 768 1214 809 ross

136 877 235 936 νοημα
258 852 380 917 horum
401 848 594 926 verborum,
624 850 839 937 progreditor‚
869 866 908 916 ut
928 853 1077 940 proferat
1099 877 1215 920 eorum

137 966 344 1030 solutionem.
402 964 580 1050 Progressa
602 961 634 1030 dr
657 964 775 1042 Maria,
804 979 910 1031 mater
932 966 1018 1044 lesu,
1050 966 1145 1032 dixit:
1168 971 1215 1032 mi

94 1104 108 1143 t
137 1079 184 1143 fili
206 1105 289 1146 κατα.
308 1105 430 1164 aornar,
460 1080 506 1141 mi
530 1076 624 1154 deus,
656 1091 689 1142 et
710 1081 757 1142 mi
780 1105 868 1166 σωτερ
895 1105 979 1145 aare
1000 1081 1213 1158 altitudinem,

137 1204 243 1258 κιλευε
265 1191 358 1267 milri,
389 1205 429 1256 ut
454 1189 622 1279 proferam
653 1191 850 1256 solutionem
879 1193 999 1258 horum
1026 1195 1215 1273 verborum,

139 1327 224 1392 quae
255 1304 335 1370 dlxit
362 1329 458 1376 τιστις
476 1314 585 1393 rodis.
635 1304 849 1392 Respondeas
877 1304 910 1372 dr
938 1305 1027 1372 lesus
1051 1307 1146 1373 dixit:
1177 1322 1215 1374 tu

141 1440 274 1504 quoque
303 1418 419 1494 Maria,
456 1440 540 1504 quae
568 1421 692 1504 accepit
717 1428 852 1506 μορφην,
882 1423 1027 1506 quaein
1054 1422 1216 1509 βαρβηλῳ,
1269 1437 1291 1496 t

138 1530 209 1599 καθ’
222 1536 306 1608 ὓλην,
331 1545 363 1596 et
385 1535 536 1619 accepisti
560 1530 803 1597 similitudinem
822 1536 854 1621 (i.
871 1555 897 1599 e.
921 1533 1049 1619 faciem)
1074 1557 1158 1621 quae
1180 1539 1215 1600 in

84 1671 112 1712 ro
140 1643 271 1732 παρθενῳ
292 1646 438 1723 luminis,
462 1669 544 1712 nora
567 1645 694 1721 lumen,
720 1659 759 1709 tu
781 1659 815 1710 et
842 1646 945 1713 altera
967 1648 1126 1712 Maribam
1147 1675 1212 1731 μα-

137 1783 252 1847 napum
276 1772 309 1823 et
332 1760 435 1847 caligo
459 1759 546 1824 sacta
569 1773 619 1824 est
640 1772 776 1848 propter
798 1773 845 1837 te,
869 1773 968 1846 atque
984 1763 1080 1824 etiam
1101 1763 1179 1824 exiit
1193 1783 1214 1826 a
1249 1773 1274 1823 >r

137 1889 170 1940 te
192 1900 287 1959 σωμα
305 1877 394 1951 tans,
423 1877 458 1938 in
486 1897 552 1960 quo
584 1896 671 1950 sum,
703 1872 793 1960 quod
818 1876 956 1961 purgavi
987 1886 1020 1939 et
1041 1872 1213 1953 mundavi;

137 2009 225 2052 nunc
255 1989 355 2073 igitur
384 2001 496 2054 κελευω
526 1986 585 2050 tibi
619 1985 768 2074 prolerre
799 1987 996 2076 solutionem
1024 1987 1213 2064 verborum,

140 2123 226 2186 quae
257 2099 339 2164 dixit
367 2127 462 2174 πιστις
486 2110 593 2188 rodco.
648 2100 863 2188 Respondeas
893 2098 925 2167 dr
954 2101 1074 2177 Maria,
1107 2113 1214 2166 mater

86 2233 113 2273 rs
141 2212 231 2290 lesu,
263 2212 357 2278 dixit:
379 2218 424 2278 mi
447 2214 595 2290 domim,
625 2227 685 2278 tua
710 2217 760 2280 vis
788 2215 918 2278 luminis
949 2223 1150 2301 επροφητευσε
1173 2214 1213 2279 de

137 2327 187 2392 his
218 2325 326 2392 verbis
356 2327 434 2393 olim
462 2351 521 2416 per
551 2328 762 2394 Salomonem
792 2330 828 2392 in
865 2331 933 2392 eius
971 2326 1095 2392 decima
1124 2350 1214 2394 nona
1256 2317 1288 2384 Χ

138 2439 201 2507 ode
224 2455 257 2506 et
280 2440 373 2505 dixit:
398 2442 583 2518 „Dominus
607 2464 704 2530 super
727 2464 838 2506 meum
862 2455 960 2529 caput
980 2445 1063 2507 sicut
1082 2463 1212 2518 corona,

135 2577 243 2641 neque
267 2577 323 2620 ero
348 2554 471 2641 absque
495 2579 544 2622 eo.
584 2555 761 2620 Plexerunt
781 2557 860 2620 mihi
884 2577 1040 2621 coronam
1064 2556 1212 2630 ωληθειας.
1256 2543 1326 2622 117

136 2669 181 2734 Et
203 2668 281 2734 fecit
312 2683 387 2735 tuos
410 2668 544 2742 κλαὸους
566 2673 747 2755 germinare
774 2673 808 2732 in
835 2691 904 2746 me,
936 2669 1027 2755 quod
1049 2693 1117 2736 non
1138 2671 1214 2734 tulit

83 2802 111 2842 ao
138 2805 295 2849 eoronam
319 2782 461 2860 aridam,
491 2783 581 2848 haud
604 2785 853 2869 germinantem,
884 2796 975 2850 atta
1003 2787 1087 2850 vivis
1114 2806 1214 2870 super

137 2918 250 2961 meum
273 2909 373 2984 eaput
395 2910 428 2961 et
450 2900 674 2984 progerminas
698 2918 796 2984 super
818 2919 888 2976 me3
921 2901 971 2961 tui
997 2896 1213 2985 separemeni

140 3022 219 3074 sunt
242 3023 275 3074 et
296 3010 440 3097 perlecti,
463 3010 551 3098 pleni
574 3024 651 3075 sunt
672 3023 731 3074 tua
754 3010 886 3075 salute.'’
923 3011 1061 3076 Factum
1084 3023 1133 3075 est
1154 3013 1212 3096 igi·

139 3137 210 3199 tur,
235 3145 337 3208 quum
360 3122 449 3189 lesus
473 3123 617 3189 audisset
637 3124 718 3188 haee
740 3123 855 3201 verba,
892 3147 976 3211 quae
1000 3125 1081 3189 dixit
1102 3125 1213 3200 Maria,

139 3259 201 3301 sua
221 3249 336 3313 mater,
367 3237 447 3302 dixit
474 3240 516 3302 ei:
548 3263 628 3325 ευγε,
653 3250 771 3315 sator,
801 3265 891 3325 ωμην,
919 3265 1008 3324 anns,
1038 3238 1110 3303 dieo
1139 3236 1213 3302 tibi:

84 3369 112 3410 es
139 3376 342 3435 μακαρισουσι
364 3364 397 3416 te
421 3375 440 3416 a
462 3351 527 3416 fine
549 3365 657 3418 terrae
679 3374 786 3439 usque
808 3351 851 3416 ad
878 3355 946 3418 eius
976 3352 1090 3427 finem,
1123 3350 1214 3436 quod
1249 3404 1277 3450 ,g

137 3461 299 3530 habitavit
321 3465 410 3553 apud
432 3479 466 3531 te
489 3464 644 3552 παρωθηκη
673 3469 771 3552 primi
792 3493 964 3552 μυστηριου,
989 3479 1021 3532 et
1043 3464 1214 3552 perillam

136 3561 308 3666 repedasse
337 3580 557 3646 servabuntur
586 3602 699 3646 omnes
728 3583 782 3668 (sc.
805 3579 941 3666 incolae)
966 3592 1075 3646 terrae
1106 3593 1140 3646 et
1166 3580 1212 3643 al·

136 3692 285 3758 titudinis
310 3715 439 3773 omnes;
470 3707 504 3758 et
525 3693 680 3780 παρωόηκη
706 3695 762 3759 illa
789 3698 852 3760 ista
880 3709 929 3760 est
957 3720 1039 3778 αρχη
1069 3706 1103 3758 et
1130 3693 1213 3758 finis.

138 3804 282 3889 Pergens
306 3804 338 3872 dr
360 3807 466 3872 adhue
486 3806 577 3873 lesus
603 3811 638 3873 in
668 3830 817 3874 sermone
846 3807 927 3873 dixit
957 3809 1022 3872 suis
1051 3803 1212 3890 μωθηταιιςι

86 3938 113 3978 ao
141 3916 268 3980 sactum
300 3931 364 3994 est,
400 3943 502 4005 quum
539 3920 671 3987 dixisset
702 3920 861 3988 decimam
890 3924 1022 3985 tertiam
1054 3941 1213 4002 μιτωνοιαν

139 4053 239 4101 τιστις
256 4038 371 4117 rodco,
397 4031 454 4098 illo
476 4032 509 4101 dr
529 4048 679 4122 tempore
700 4035 873 4123 impletum
895 4045 945 4097 est
967 4042 1127 4096 statutum
1150 4027 1213 4097 θλι-

138 4141 223 4234 ψιων
252 4148 413 4224 omnium,
451 4171 536 4235 quae
569 4150 809 4214 constituerunt
835 4171 930 4213 πιστει
955 4153 1052 4234 rodcog
1078 4157 1215 4233 propter

222 4275 272 4338 14.
294 4303 389 4343 πιστις
408 4281 558 4361 (deleatur
577 4303 636 4344 vox
656 4279 802 4358 ,,πιστις”
824 4278 875 4357 Ρ.)
923 4277 974 4340 32.
1002 4298 1076 4360 quae
1100 4278 1214 4341 eonsti-

137 4389 263 4439 tuerunt
284 4382 392 4461 („quas
405 4381 649 4445 constituerunt’'
670 4380 719 4444 vel
740 4380 841 4462 potius
862 4377 993 4462 „quibus
1012 4379 1215 4464 ignominiose
