3296 5354
697 443 741 506 69

180 645 264 689 neve
287 624 463 708 quisquam
487 619 599 685 audito
622 623 691 687 vim
713 621 867 709 προβολων
890 624 959 688 eius
977 621 1118 692 inchoo.
1154 623 1256 692 Aufe-

180 750 280 802 runto
308 734 436 810 lumen,
469 733 560 821 quod
588 748 638 799 est
664 738 698 799 in
728 738 795 800 eius
823 736 1002 821 προβολαις,
1034 752 1067 803 ct
1092 738 1258 804 vindicent

181 852 253 937 (aut
275 847 449 935 abripiant)
474 869 534 912 sua
562 851 695 913 nomina
723 852 758 913 in
788 849 913 915 decimo
942 853 1038 916 tertio
1063 876 1156 929 eruce,
1188 827 1256 918 eius

179 966 282 1050 ipsius
306 961 458 1026 auferant
480 983 602 1025 nomen
624 985 664 1027 ex
686 961 742 1028 illo
763 989 846 1050 τοπῳ
874 986 979 1049 usque
1008 963 1050 1028 ad
1078 979 1257 1043 aeternum,

142 1100 156 1138 s
183 1090 217 1142 et
240 1097 338 1163 super
353 1077 420 1139 vim
444 1096 519 1139 eum
535 1074 617 1140 facie
636 1071 739 1140 leonis
761 1076 947 1142 adducunto
963 1091 1143 1165 peccatum,
1167 1077 1258 1164 quod

181 1190 335 1274 προεβαλε
354 1210 466 1253 coram
481 1189 613 1265 lumine,
636 1211 678 1252 ne
698 1192 889 1276 extinguant
904 1217 1028 1273 ανομωιν
1049 1193 1133 1267 dnae,
1157 1214 1257 1277 quam

182 1303 335 1390 protulit,
365 1315 464 1388 atque
488 1299 558 1367 ei'us
580 1315 751 1389 peccatum
781 1305 878 1367 simul
907 1307 968 1368 erit
994 1325 1106 1368 eoram
1133 1304 1256 1370 lmnine

184 1438 289 1500 usque
312 1414 355 1479 ad
377 1429 562 1494 aeternum3
586 1438 668 1481 neve
692 1419 798 1480 sinent
821 1439 875 1480 eas
897 1416 1021 1495 videre,
1045 1431 1083 1482 ut
1105 1417 1258 1484 auferant

185 1551 299 1594 earum
321 1551 441 1593 nomen
470 1532 505 1594 in
531 1555 614 1616 τοπῳ
638 1532 741 1606 omni,
770 1543 946 1617 propterea
975 1531 1066 1618 quod
1087 1531 1178 1597 haud
1199 1553 1256 1620 pe·

128 1668 157 1708 ro
183 1656 359 1732 percernnt
384 1644 478 1720 mihi,
509 1656 542 1710 et
575 1641 776 1718 afflixerunt,
811 1642 900 1728 quod
933 1643 1151 1722 abstulerunt,
1187 1648 1256 1710 eius
1297 1635 1370 1714 107

182 1759 294 1822 lumen
318 1761 452 1843 eiusque
474 1760 558 1835 vim,
583 1771 682 1843 atque
705 1758 802 1821 etiam
824 1758 1017 1844 posthaec,
1039 1761 1074 1822 in
1089 1779 1173 1844 quae
1195 1760 1257 1823 im·

182 1876 343 1936 miserunt
365 1893 427 1946 me,
449 1871 627 1935 voluerunt
649 1869 778 1936 auferre
795 1892 906 1933 meum
919 1870 1031 1934 lumen
1045 1884 1154 1937 totum
1168 1871 1257 1936 mihi.

184 1985 372 2050 Praetulere
393 1987 550 2072 (proprim
567 1982 731 2067 amarunt)
754 1981 954 2054 descendere,
963 1987 997 2048 in
1013 1985 1120 2049 cbaos.
1150 1985 1258 2050 Erunt

185 2103 220 2163 in
244 2121 292 2174 eo,
316 2121 420 2184 neque
444 2098 564 2162 ducant
586 2121 640 2163 eas
664 2121 796 2162 sursum
818 2097 894 2162 inde
916 2097 957 2162 ab
980 2098 1040 2163 hac
1060 2099 1151 2163 hora.
1189 2098 1256 2164 No·

131 2238 159 2277 n
186 2213 320 2276 luerunt
340 2211 561 2276 habitaculum
583 2210 889 2288 concubinatorum,
918 2235 1023 2299 neque
1050 2226 1180 2277 sument
1202 2233 1257 2278 eas

185 2329 219 2390 in
241 2325 322 2389 illud
345 2326 419 2391 inde
442 2326 482 2390 ab
506 2325 566 2389 hac
589 2327 681 2390 hora.
725 2313 835 2390 Induit
860 2330 895 2390 in
921 2349 956 2391 se
984 2327 1152 2424 caliginem
1175 2329 1258 2391 sicut

185 2438 316 2523 ενὸυμα,
348 2452 381 2502 et
402 2443 537 2503 intravit
557 2443 645 2504 intus
668 2442 702 2502 in
726 2461 801 2503 eum
824 2442 908 2504 sicut
934 2463 1034 2526 aqua,
1064 2454 1097 2506 ct
1124 2441 1258 2505 intrav-it

184 2558 218 2618 in
243 2559 312 2619 eius
334 2557 420 2618 vires
445 2575 557 2618 omnes
587 2555 670 2616 sicut
699 2553 817 2618 oleum.
862 2554 1042 2621 Involvitor
1070 2555 1150 2619 chao
1174 2556 1258 2618 sicut

184 2682 290 2744 veste,
315 2681 348 2732 et
371 2669 478 2753 cingat
501 2688 534 2730 se
559 2667 691 2753 caligine
715 2669 808 2731 sicuti
830 2667 904 2758 ζωνῃ
918 2669 1053 2754 pellicea
1069 2671 1158 2732 omni
1173 2675 1256 2733 tem'·

132 2807 159 2848 no
186 2804 276 2870 pore.
334 2781 424 2844 Haec
454 2780 533 2844 fient
561 2781 625 2857 his,
665 2783 721 2866 qui
754 2780 834 2844 baec
870 2779 1035 2845 duxerunt
1070 2803 1169 2868 super
1203 2789 1266 2844 me

185 2907 323 2983 propter
353 2895 481 2971 lumen,
513 2907 546 2958 et
576 2897 632 2979 qui
663 2893 829 2959 dixerunt:
866 2893 1054 2958 auferamus
1092 2897 1160 2958 eius
1188 2896 1258 2959 vim

188 3029 329 3073 omnem.
373 3008 428 3072 Tu
451 3006 495 3084 du,
517 3008 637 3083 lumen,
668 3011 820 3072 miserere
844 3009 908 3071 mei
935 3019 1072 3094 propter
1098 3029 1258 3090 μυστηριον

186 3126 237 3187 tui
252 3124 406 3198 nominis,
430 3135 463 3186 et
485 3143 579 3186 serva
603 3143 654 3185 me
670 3124 703 3184 in
719 3147 895 3206 χρηστοτητι
910 3132 988 3184 tuae
1008 3116 1257 3197 misericordiae,

187 3235 475 3324 proptereaquod
499 3235 704 3300 abstulerunt
725 3257 837 3299 meum
858 3232 969 3298 lumen
996 3247 1029 3298 et
1050 3254 1158 3297 meam
1179 3235 1258 3308 vim,

135 3376 161 3417 n
190 3365 223 3416 et
245 3373 320 3415 mea
342 3353 390 3416 vis
413 3348 558 3424 εσαλευθη
581 3353 615 3413 in
637 3371 705 3426 me,
728 3371 835 3435 neque
859 3351 932 3413 steti
954 3351 988 3412 in
1009 3369 1123 3412 earum
1139 3346 1258 3412 medio.

188 3466 271 3531 Sum
299 3468 382 3530 sicut
409 3467 469 3537 ύλη
500 3462 648 3550 delapsa,
681 3464 856 3551 propulere
883 3467 993 3528 mein
1020 3463 1104 3527 hanc
1130 3475 1260 3550 partem

187 3595 287 3667 atque
315 3583 350 3644 in
379 3579 483 3653 illam,
515 3580 598 3641 sicut
628 3578 821 3644 daemonem
851 3581 911 3666 (pr.
934 3575 1172 3665 percussorem)
1203 3577 1260 3662 qui

186 3698 221 3758 in
244 3721 316 3777 ωερι.
361 3692 435 3757 Mea
456 3694 506 3756 vis
528 3691 657 3778 perdita
679 3707 743 3770 est,
778 3692 868 3780 quod
889 3693 1016 3757 nullum
1042 3693 1121 3756 mihi
1143 3715 1260 3773 μυστη-

189 3833 244 3894 prov
274 3806 335 3882 ibi,
371 3819 404 3869 et
432 3827 509 3870 mea
536 3809 596 3880 ύλη
626 3806 725 3893 ligata
756 3821 806 3872 est
834 3819 970 3894 propter
1000 3825 1111 3869 meum
1139 3801 1261 3876 lumen,

137 3943 164 3984 so
193 3917 284 4006 quod
306 3917 522 3998 abstulerunt3
553 3935 651 4007 atque
681 3947 827 3988 εσκωπτοι·
849 3941 911 3984 me.
955 3918 1096 3982 Intuitae
1126 3915 1263 3977 suntin

274 4075 304 4134 3.
328 4097 379 4135 sua
406 4078 525 4172 nomina
553 4083 652 4157 (suum
681 4099 789 4138 nomen
816 4076 863 4150 Ρ.)
926 4072 956 4133 7.
981 4073 1043 4133 eius
1072 4075 1184 4150 (earum
1212 4071 1262 4149 P.)

190 4177 241 4236 11.
265 4175 388 4257 eiusque
409 4179 469 4238 vim
491 4179 554 4256 (vel
576 4178 691 4258 potius:
716 4189 746 4237 et
767 4173 936 4236 afflixerunt
958 4195 1041 4250 eum,
1064 4171 1111 4233 cui
1132 4171 1263 4232 abstule-

188 4287 261 4337 runt
281 4298 368 4338 sunm
388 4277 489 4340 iumen
503 4298 642 4360 suamque
663 4278 723 4338 vim
745 4275 793 4355 Ρ.)
837 4272 886 4336 14.
909 4274 1019 4337 dumnt
1039 4273 1141 4353 (ducat
1161 4293 1185 4334 s.
1207 4271 1262 4334 du·

191 4388 239 4438 cet
259 4376 310 4456 Ρ.)
353 4374 402 4438 17.
432 4379 464 4439 in
492 4400 560 4440 eum
582 4379 628 4459 (in
648 4377 723 4439 illud
743 4376 794 4455 Ρ.)
