3254 5340
922 483 967 550 94

406 665 664 741 retributionem,
688 685 788 750 quam
809 660 1033 727 retribuerunt
1048 665 1097 726 iis.
1135 671 1230 729 Kosa
1244 663 1391 737 modum,
1414 685 1480 749 quo

408 782 557 864 προβολαι
577 775 725 845 uvdadtvc
747 780 931 863 cogitarunt
953 776 1083 840 auferre
1105 775 1217 842 lumen
1240 788 1352 864 σοφιας
1375 777 1417 841 ab
1434 801 1481 854 ea,

407 895 587 959 retribuisti
609 895 647 956 iis
672 905 770 978 atque
793 891 968 977 rependisti
991 894 1038 967 iis,
1063 904 1096 954 et
1118 891 1280 954 abstulisti
1302 895 1370 954 vim
1385 891 1480 954 lumi-

407 1011 467 1084 nis,
491 1010 631 1095 quaein
654 1009 702 1080 iis,
724 1006 797 1068 loco
821 1004 982 1068 luminum
1005 1015 1124 1092 ruptas,
1149 1027 1233 1090 quae
1257 1031 1409 1070 επιστευσε
1430 1006 1480 1068 lu-

408 1125 486 1186 mini
511 1119 704 1194 altitudinis,
729 1133 761 1182 et
791 1145 874 1182 aava
903 1118 1056 1194 modum,
1086 1140 1152 1204 quo
1181 1132 1241 1182 tua
1259 1122 1319 1182 vvis
1349 1118 1479 1183 luminis
1506 1139 1518 1179 s

408 1235 489 1298 dixit
503 1256 562 1321 per
576 1233 752 1296 Davidem:
776 1235 933 1318 „posuisti
956 1232 1120 1297 excelsum
1142 1231 1201 1295 tibi
1223 1233 1333 1296 locum
1355 1232 1480 1320 refugii.

406 1347 540 1412 Nullum
562 1346 686 1409 malum
710 1345 987 1434 adpropinquabit
1008 1346 1076 1422 tibi,
1101 1361 1133 1410 et
1155 1347 1244 1412 nulla
1262 1344 1400 1434 μωστιγξ
1421 1346 1480 1410 ad·

407 1459 643 1548 propinquabit
656 1473 716 1523 tuo
732 1457 945 1535 habitaculo,'’
970 1460 1060 1544 quod
1080 1461 1143 1524 hoo
1167 1474 1232 1524 est:
1260 1483 1363 1546 quum
1386 1485 1479 1530 τιστις

407 1584 505 1660 rupta
528 1600 680 1638 εκιστευσε
705 1573 828 1646 lumini,
853 1587 885 1636 et
908 1595 1010 1658 quum
1034 1573 1247 1660 affligeretur,
1269 1577 1413 1655 ὑμνευσεν
1437 1577 1478 1650 ei;

296 1690 367 1767 147
405 1687 496 1752 haud
519 1687 667 1751 lecerunt
690 1686 870 1772 quidquam
890 1688 967 1750 mali
983 1690 1011 1750 ei
1027 1689 1176 1771 προβολαιι
1195 1685 1350 1763 ariadnae,
1374 1709 1479 1774 neque
1506 1707 1527 1748 a

405 1816 560 1890 poterant
581 1815 722 1866 utronno
747 1823 833 1876 eam,
857 1823 962 1886 neque
989 1815 1143 1888 poterant
1165 1801 1429 1888 adpropinquare
1452 1805 1480 1866 ei
1546 1840 1551 1848 -

408 1919 551 1982 omnino.
589 1915 634 1979 Et
648 1915 796 1990 verbum,
821 1914 911 2000 quod
933 1928 990 1977 tua
1013 1918 1063 1978 vis
1083 1914 1213 1978 luminis
1238 1915 1317 1978 dixit
1340 1937 1399 2002 per
1413 1916 1479 1980 Da·

405 2030 531 2095 videm:
556 2032 749 2115 „imperavit
764 2033 830 2092 suis
847 2041 991 2114 ωγγελοις
1014 2027 1054 2092 de
1078 2042 1119 2104 te,
1143 2042 1182 2092 ut
1197 2028 1383 2092 custodiant
1397 2043 1431 2093 te
1446 2032 1480 2094 in

404 2147 471 2206 tuis
493 2144 554 2206 viis
584 2142 745 2216 omnibus,
774 2156 807 2205 et
834 2155 873 2207 ut
900 2155 1034 2229 portent
1061 2155 1094 2206 te
1124 2165 1222 2229 super
1250 2165 1325 2206 suas
1352 2165 1479 2218 manus,

403 2281 520 2339 μηποτε
541 2257 701 2340 impingas
725 2254 768 2318 ad
789 2255 932 2341 lapidem
955 2269 1013 2320 tuo
1036 2255 1152 2343 pede;”
1175 2254 1265 2319 istud
1286 2259 1407 2321 iterum
1429 2271 1479 2321 est
1506 2279 1527 2318 u

403 2367 559 2443 verbum3
589 2366 750 2430 mandasti
775 2367 917 2432 Gabrieli
947 2382 980 2432 et
1002 2370 1162 2446 lllichaeli,
1192 2353 1480 2456 utstgubernarent

404 2492 516 2566 σοφιαν
539 2484 572 2544 in
596 2505 691 2547 τοπως
715 2480 865 2544 omnibus
885 2483 997 2557 chaus,
1021 2507 1125 2568 usque
1143 2483 1221 2547 dum
1238 2483 1391 2548 duxerint
1406 2508 1480 2550 eam

405 2617 544 2670 sursum,
568 2608 606 2657 ut
626 2607 798 2680 portarent
821 2617 894 2658 eam
917 2599 983 2660 suis
998 2597 1159 2673 manibus,
1181 2612 1221 2661 ut
1235 2621 1274 2662 ne
1291 2598 1391 2685 pedes
1409 2602 1478 2664 eius

403 2721 575 2794 tangerent
597 2708 764 2794 caliginem
787 2709 984 2784 inferiorem,
1007 2711 1075 2794 (ita)
1099 2725 1137 2774 ut
1151 2711 1390 2798 prehenderunt
1405 2736 1479 2779 eam

404 2826 502 2886 etiam
525 2823 559 2884 hi
582 2825 638 2906 qui
661 2823 847 2908 (pertinent)
871 2823 917 2886 ad
936 2824 1104 2909 caliginem
1126 2826 1321 2890 inferiorem.
1367 2827 1476 2913 Atque
1503 2848 1529 2888 n
1618 2834 1621 2847 ¹

402 2935 550 3011 verbum,
575 2935 665 3021 quod
685 2949 744 2998 tua
765 2939 821 3000 vis.
837 2937 968 3000 luminis
993 2936 1073 3000 dixit
1094 2960 1154 3025 per
1169 2939 1343 3003 Davidem:
1366 2965 1474 3016 „mea-

401 3047 452 3114 bis
476 3073 574 3137 super
598 3064 781 3136 serpentem
805 3064 838 3113 et
859 3049 1060 3125 basiliscum,
1084 3065 1117 3116 et
1139 3053 1262 3116 meabis
1286 3076 1386 3140 super
1407 3056 1474 3119 leo·

401 3185 477 3227 nem
506 3177 539 3226 et
567 3162 726 3246 dpaxura,
757 3164 845 3248 quod
870 3163 1010 3228 conlisus
1035 3179 1084 3229 est
1106 3166 1199 3242 mihi,
1227 3166 1364 3232 servabo
1391 3192 1474 3244 eum,

401 3290 435 3340 et
458 3277 543 3341 dabo
567 3277 719 3341 umbram
749 3280 791 3354 ei,
822 3277 912 3363 quod
939 3282 1032 3342 novit
1060 3303 1170 3344 meum
1199 3283 1353 3358 nomen;”
1384 3283 1475 3368 quod

399 3391 539 3454 verbum
563 3403 612 3453 est
634 3392 709 3453 hoc:
734 3413 837 3476 quum
860 3417 956 3462 πιστις
980 3402 1078 3479 copta
1099 3397 1227 3459 veniret
1249 3417 1380 3459 sursum
1403 3409 1474 3460 ten·
1501 3417 1526 3457 as

399 3500 479 3566 dens
503 3506 536 3564 in
560 3501 650 3577 chao,
674 3507 796 3566 meavit
816 3526 913 3591 super
929 3505 1083 3589 προβολως
1102 3507 1259 3584 astatore,
1278 3499 1405 3572 ¹meavit
1420 3532 1473 3574 su·

398 3635 458 3700 per
479 3614 550 3687 bos,
575 3617 629 3697 qui
654 3628 731 3677 sunt
753 3615 835 3679 faeie
859 3622 1026 3703 serpentis,
1051 3633 1083 3683 et
1106 3622 1296 3708 superbos,
1320 3625 1474 3708 quisunt

399 3725 481 3791 facie
508 3726 648 3790 basilisci
679 3732 852 3815 serpentis,
883 3731 1001 3815 quibus
1030 3747 1155 3821 septem
1183 3748 1260 3800 sunt
1290 3739 1411 3822 capita,
1440 3748 1473 3800 et

397 3843 522 3904 meavit
551 3863 649 3928 super
678 3845 746 3906 vim
777 3865 851 3907 cum
880 3844 961 3909 sarie
989 3846 1092 3912 leonis
1124 3848 1278 3926 etham,
1308 3873 1391 3935 quae
1423 3863 1472 3914 est

397 3953 479 4028 facie
512 3953 678 4042 δρωκοντας,
711 3971 886 4045 propterea
916 3960 1006 4044 quod
1033 3987 1223 4028 πιστευσασα.
1255 3963 1369 4026 lumini
1404 3987 1470 4028 ser·
1497 3984 1527 4024 a·

396 4083 475 4133 vata
498 4083 548 4134 est
570 4068 611 4134 ab
634 4073 672 4135 iis
696 4071 857 4146 omnibus.
902 4074 1007 4150 Haec,
1035 4076 1080 4138 mi
1104 4074 1249 4152 domine,
1278 4089 1328 4140 est
1350 4077 1469 4141 solutio

395 4180 588 4260 verborum,
618 4207 703 4270 quae
732 4183 849 4250 dixisti.
893 4186 1032 4252 Factum
1058 4190 1244 4275 igiturest,
1276 4212 1379 4277 quum
1402 4193 1467 4278 pri-

478 4419 527 4477 10.
552 4439 648 4498 neque
670 4419 773 4499 (onds).
838 4423 886 4484 13.
911 4425 1065 4506 imperavit
1086 4427 1258 4507 (imperabit
1279 4428 1329 4504 P.)
