3254 5340
948 458 1014 526 160

442 664 517 709 sum
540 642 729 706 eonstitutio
752 659 869 704 eorum
891 641 1048 714 omnium,
1069 649 1321 724 praeterquam
1342 635 1434 701 nullo
1456 635 1523 702 alia

443 758 642 830 constitutio,
665 756 717 817 oui
739 775 807 818 non
830 765 879 817 est
901 774 998 816 suum
1021 748 1087 824 ιδιεν
1101 753 1276 836 insarno,
1294 752 1420 816 αλλ’πι
1444 764 1523 816 sunt

442 871 558 946 verbe,
583 883 616 934 et
637 881 715 934 sunt
736 892 900 948 μυστηρια,
928 877 962 929 et
984 878 1062 930 sunt
1082 891 1174 932 τοποι.
1219 863 1312 928 Nunc
1334 867 1433 951 igitur
1455 893 1520 948 pa-

442 1011 541 1056 κεοιος
564 996 630 1058 εει,
662 984 717 1066 qui
744 980 820 1045 tulit
846 1005 995 1063 μυστηριε
1019 977 1061 1042 ed
1089 991 1218 1065 partem
1245 981 1458 1054 exteriorem,
1489 993 1521 1043 et

442 1097 611 1172 deusest,
642 1098 697 1180 qui
720 1096 843 1158 invenit
865 1093 946 1157 hneo
973 1091 1075 1156 verba
1101 1117 1267 1178 μυετηριων
1296 1091 1430 1156 secundi
1452 1119 1518 1175 χω·
1550 1117 1560 1154 ι

441 1235 589 1298 pugnem,
621 1207 710 1293 quod
738 1209 772 1270 in
794 1206 920 1282 medio,
953 1219 986 1271 et
1008 1232 1101 1286 σωτηρ
1125 1220 1190 1282 est,
1223 1219 1257 1270 et
1283 1231 1438 1290 εχωρητες
1462 1219 1518 1282 est,

441 1325 499 1410 qui
529 1323 653 1385 invenit
681 1319 783 1384 verba
817 1346 983 1404 μυστηριων
1014 1333 1048 1384 et
1080 1318 1181 1384 verba
1210 1322 1298 1384 tertii
1327 1345 1518 1402 χωρηματος,

443 1434 533 1522 quod
556 1438 590 1497 in
612 1447 706 1521 parte
729 1435 871 1510 interna,
904 1446 937 1498 et
960 1447 1010 1498 est
1030 1447 1199 1521 praestans
1230 1436 1377 1508 omnino,
1410 1446 1444 1498 et
1471 1447 1519 1498 est

442 1563 594 1636 acceptus
617 1548 683 1623 his,
712 1549 769 1632 qui
792 1560 869 1612 sunt
890 1550 1044 1611 intortio
1067 1573 1229 1631 χωρημετι
1251 1546 1318 1622 illo,
1345 1561 1519 1634 propterea

328 1658 402 1733 254
443 1662 533 1751 quod
562 1687 733 1742 μυστηριον,
763 1663 886 1746 inquo
917 1673 1007 1736 sunt,
1039 1674 1073 1725 et
1099 1663 1133 1724 in
1161 1682 1226 1746 quo
1251 1673 1353 1736 stant,
1385 1663 1559 1748 accepite

441 1791 577 1866 propter
599 1776 661 1840 hoe
684 1777 783 1861 igitur
806 1787 856 1838 est
885 1774 1030 1859 aequalis
1059 1777 1108 1839 iis.
1151 1775 1212 1838 Hie
1239 1776 1364 1838 invenit
1386 1796 1518 1860 quoque

442 1890 544 1956 verbo
567 1915 740 1970 μυστηριων,
767 1889 846 1952 haee
871 1910 954 1973 quse
978 1891 1090 1975 scripsi
1112 1887 1208 1951 vobis
1231 1915 1312 1952 noro
1336 1887 1519 1952 similitudi·

442 2027 528 2080 nem,
551 2007 613 2068 ista
638 2024 707 2067 esse
729 2016 809 2086 μελη
832 2001 1025 2078 ineffabilis3
1054 2005 1135 2080 ἀμην
1158 1999 1231 2065 dieo
1254 1999 1363 2065 vobis:
1387 2001 1438 2064 hic
1463 2004 1520 2088 qui

441 2119 566 2181 invenit
580 2116 681 2180 verbo
704 2141 868 2199 μυστημιων
890 2116 1023 2179 illorum
1045 2117 1080 2178 in
1096 2117 1233 2179 veritate
1257 2113 1318 2189 dei,
1340 2115 1442 2179 homo
1466 2116 1520 2180 ille

440 2233 503 2294 iste
527 2243 576 2292 est
603 2231 728 2314 primus
757 2231 791 2290 in
820 2229 959 2315 εληθειᾳ,
992 2241 1024 2292 et
1054 2228 1197 2314 aequalis
1227 2241 1277 2292 est
1306 2231 1351 2304 ei,
1380 2243 1558 2314 propters

441 2341 544 2406 verba
572 2341 629 2404 illa
656 2353 690 2404 et
716 2367 883 2420 μυστερια,
915 2353 1015 2426 atque
1045 2345 1235 2406 universum
1266 2363 1398 2427 quoque
1429 2347 1521 2406 stetit

441 2468 577 2544 propter
599 2456 741 2541 primum
764 2453 867 2530 illum,
890 2467 1026 2542 propter
1040 2455 1112 2530 hoo,
1134 2454 1186 2518 hie
1203 2457 1258 2540 qui
1278 2457 1402 2518 invenit
1415 2455 1520 2520 verbe

440 2596 606 2658 μυστηριων
633 2567 781 2639 illorum,
818 2567 963 2652 aequalis
997 2581 1049 2632 est
1077 2589 1152 2632 eum
1178 2571 1302 2655 prirn03
1332 2595 1439 2654 yvonis
1457 2597 1519 2656 γαρ
1600 2621 1601 2639 ,

440 2683 633 2768 cognitionis
655 2679 848 2758 Ineffabilis‚
874 2684 908 2744 in
932 2703 997 2767 qua
1019 2681 1139 2769 loquor
1160 2682 1332 2746 vobiscum
1353 2681 1468 2748 hodie:

441 2886 572 2971 (restitit
586 2885 681 2948 unius
698 2882 802 2947 lineae
817 2887 960 2971 spatium
971 2904 1114 2949 vacuum
1127 2888 1162 2949 in
1176 2884 1238 2949 hac
1253 2888 1371 2974 pagina
1384 2895 1467 2952 ελι.
1476 2887 1518 2970 t.)

439 3021 581 3109 Pergens
605 3021 711 3085 adhue
725 3020 815 3086 lesus
838 3025 872 3086 in
888 3044 1037 3086 sermone
1054 3022 1134 3088 dixit
1150 3026 1215 3088 suis
1230 3024 1389 3105 μεθητεκ,
1413 3047 1517 3110 quum

439 3153 559 3200 venero
583 3139 617 3198 in
639 3135 764 3211 lumen,
791 3162 950 3216 xspomrr
968 3163 1075 3222 κεσμῳ
1097 3139 1174 3214 ιοιί,
1203 3137 1298 3202 dicits
1319 3141 1372 3202 iis:
1400 3161 1442 3203 ne
1464 3161 1517 3204 re-

439 3252 559 3314 mittite
588 3270 647 3335 per
670 3247 756 3313 diem
786 3262 821 3313 et
848 3262 979 3314 noctem
1009 3271 1167 3337 quaerere
1197 3254 1243 3338 (in
1265 3254 1409 3338 margine
1432 3275 1516 3317 neve

440 3389 560 3426 ινεκτι
575 3361 657 3444 vos),
682 3360 731 3428 ios
746 3383 851 3448 usque
868 3362 947 3426 dum
969 3366 1155 3428 inveneritis
1178 3391 1328 3448 μυστηριε
1349 3369 1442 3452 regni
1465 3366 1514 3430 iu·
1536 3385 1555 3426 s

438 3476 544 3548 minis,
567 3473 647 3536 haee
664 3495 747 3557 quae
762 3474 951 3560 purgabunt
972 3497 1042 3552 vos,
1065 3491 1104 3540 ut
1125 3476 1265 3542 reddant
1285 3499 1345 3542 vos
1369 3493 1516 3564 ιιλικρινες

438 3583 564 3658 lumen,
588 3598 627 3646 ut
648 3584 769 3648 ducant
784 3607 843 3649 vos
867 3590 900 3650 in
922 3609 1060 3675 regnum
1074 3589 1220 3667 luminis3
1243 3590 1339 3656 dicite
1361 3595 1415 3656 iis:
1439 3621 1515 3660 ars·

360 3698 391 3746 ³<
437 3721 564 3762 rursm
580 3723 686 3781 κεσμῳ
716 3701 777 3761 ιοιί
806 3713 839 3762 ει
865 3704 925 3791 ring
948 3705 1024 3778 toti,
1056 3725 1139 3788 quae
1169 3707 1283 3780 ineo,
1314 3719 1414 3790 atque
1445 3709 1514 3770 eius

439 3813 524 3876 euris
547 3810 708 3887 omnibus,
731 3824 830 3897 atque
854 3817 923 3879 eius
945 3820 1085 3902 peccatis
1110 3816 1270 3895 omnibus,
1297 3817 1386 3906 ἅπαξ
1406 3822 1514 3890 sixtus

324 3914 399 3990 255
439 3939 538 4012 etque
561 3930 694 4006 ὁμιλιειε
716 3929 785 3990 eius
809 3927 977 4005 omnibus,
1009 3951 1094 4015 quae
1122 3933 1237 4008 ineo,
1267 3944 1306 3994 ut
1334 3935 1401 3997 sitis
1425 3932 1513 4020 digni
1535 3951 1554 3990 a

436 4067 605 4128 μυστηριοις
626 4039 767 4117 luminis,
789 4053 828 4104 ut
842 4044 1015 4107 servemini
1029 4066 1050 4107 a
1066 4057 1226 4110 κελεσισιν
1242 4045 1405 4122 omnibus,
1427 4068 1513 4133 quae

520 4188 549 4245 1.
581 4186 758 4246 constitutio
784 4187 975 4263 (thesaurusi
996 4188 1044 4266 P.)
1111 4189 1142 4249 ⁸2.
1171 4191 1351 4252 constitutio
1379 4191 1514 4269 (thesau-

437 4281 508 4342 rus?
530 4282 577 4358 P.)
643 4283 694 4346 28.
722 4309 902 4346 oneroso-err
928 4285 1133 4366 (αποτασσεθε
1159 4289 1207 4367 Ρ.)
1240 4325 1281 4339 -
1317 4303 1406 4373 etque
1433 4289 1512 4372 (edd.

437 4381 577 4460 ,‚etiam”
603 4382 652 4464 P.)
712 4384 764 4447 29.
788 4397 878 4468 atque
904 4385 982 4470 (add.
1006 4387 1150 4468 „etiem”
1169 4389 1220 4468 Ρ.)
