3254 5340
924 457 991 528 151

421 655 520 730 atque
543 643 643 706 etiam
665 639 858 726 accipientes
887 635 1062 704 duodecim
1082 663 1233 722 pompae
1261 639 1359 726 primi
1380 663 1498 722 pom·

419 784 481 845 prou
504 753 684 820 manebunt
705 756 726 816 ii
743 775 875 840 quoque
897 773 988 838 reges
1011 765 1089 840 post
1109 755 1253 839 qrrinque
1275 777 1426 838 pompae
1446 750 1498 816 In·

423 869 577 944 effabilis,
607 882 705 954 atque
733 880 810 932 sunt
837 871 859 931 ii
890 888 1022 952 quoqne
1049 888 1143 953 reges
1170 892 1254 932 aare
1273 863 1357 953 τιξιν
1384 868 1498 930 unius·

422 987 579 1070 cuiusque
603 1003 733 1059 eorum;
771 994 805 1046 et
832 983 1023 1068 accipientes
1052 1003 1166 1044 omnes
1196 982 1230 1043 in
1259 1005 1436 1063 μυστκρωιε,
1465 982 1499 1044 in

420 1125 516 1166 sorore
541 1095 691 1160 omnibus
714 1121 895 1177 χωρηματος
917 1094 1092 1158 Ineffabilis
1116 1106 1213 1160 erunt
1239 1116 1331 1180 reges
1354 1115 1497 1180 quoque,
1531 1117 1542 1156 ι

421 1224 461 1276 ut
490 1222 645 1274 maneant
674 1230 806 1294 quoque
833 1222 909 1295 post
937 1206 1016 1284 bos,
1054 1211 1110 1295 qui
1139 1222 1336 1295 acceperunt
1365 1230 1497 1293 quoque

421 1350 577 1408 μνστηριιν
592 1324 688 1409 primi
710 1349 882 1407 μυστηριου,
906 1325 1014 1386 emissi
1036 1348 1117 1387 xasa
1140 1321 1276 1409 gloriam
1292 1324 1497 1385 uniuscuius-

423 1459 486 1523 que
510 1457 640 1510 corum,
665 1439 740 1500 aicae
764 1437 955 1522 accipientes
977 1461 1134 1516 μυατηρων
1150 1449 1320 1523 praestans
1343 1447 1498 1500 maneant

421 1553 456 1614 in
477 1576 573 1614 seraa:
596 1548 854 1636 praestantibus,
882 1551 1074 1636 accipientes
1100 1575 1256 1630 μυστηριον
1283 1562 1398 1624 tenue,
1428 1571 1497 1612 ma·

422 1678 523 1728 neant
544 1666 579 1727 in
600 1689 698 1732 raaces
719 1663 882 1738 tenuibus,
906 1665 1078 1727 existentes
1101 1684 1192 1748 reges
1215 1684 1276 1750 pro
1300 1685 1335 1727 se
1359 1665 1497 1749 quisque
1522 1684 1542 1724 n

421 1781 457 1842 in
486 1778 609 1842 lumino
639 1781 703 1842 mei
732 1781 833 1864 regni.
891 1776 979 1840 Haeo
1007 1789 1138 1840 tantum
1168 1788 1245 1840 sunt
1273 1792 1379 1862 anepos
1408 1779 1500 1863 regni

308 1878 383 1954 915
421 1894 518 1980 primi
541 1918 722 1974 χωρημωτος
743 1889 928 1956 lueffabilis.
968 1890 1170 1977 Accipientes
1194 1913 1326 1976 quoque
1348 1917 1500 1975 μυστηριη

425 2008 535 2072 omnia
559 2005 691 2071 secundi
713 2031 905 2088 χωρηματοτ,
929 2003 1018 2090 quod
1042 2017 1091 2069 est
1112 2032 1246 2085 χωρημα.
1269 2007 1365 2091 primi
1382 2031 1499 2085 μυστη-

423 2147 498 2206 ριου,
527 2120 706 2184 manebunt
729 2142 861 2206 quoque
883 2122 918 2182 in
937 2119 1058 2183 lumine
1078 2121 1142 2183 mei
1158 2120 1262 2205 regni,
1287 2121 1395 2182 emissi
1415 2145 1500 2186 aare

424 2233 560 2320 gloriam
584 2235 838 2317 uniuscuiusque
862 2255 992 2308 eorum,
1016 2235 1171 2296 existente
1194 2253 1260 2296 uuo
1286 2255 1417 2318 quoque
1442 2255 1498 2296 eo·
1524 2255 1544 2296 u

423 2368 500 2412 rum
528 2348 562 2409 in
590 2372 741 2430 μυστηοιῳ
772 2358 922 2433 accept03
954 2359 987 2409 et
1015 2349 1207 2433 accipientes
1229 2373 1379 2428 pompae
1401 2369 1499 2433 prae-

424 2463 544 2524 stantia
566 2458 746 2523 manebunt
761 2481 893 2545 quoque
917 2461 951 2523 in
973 2485 1069 2528 τοποις
1093 2460 1234 2535 excelsis,
1258 2474 1291 2524 et
1305 2463 1499 2548 accipientes

423 2601 574 2658 μυστηρια
595 2576 706 2637 tenuia
736 2573 915 2637 manebunt
942 2577 977 2637 in
1006 2600 1102 2640 rorate
1131 2573 1282 2638 tenuibus
1313 2578 1346 2638 in
1374 2575 1500 2640 lumine

423 2690 488 2752 mei
518 2690 617 2772 regni.
673 2687 733 2750 Hic
764 2700 814 2751 est
848 2703 953 2766 κληρος
986 2687 1118 2752 secundi
1152 2690 1237 2775 regis
1273 2687 1406 2766 borum,
1442 2691 1500 2775 qui
1616 2669 1617 2760 i

423 2804 586 2888 accipiunt
617 2827 772 2880 μυστηριςν
803 2801 936 2866 secundi
971 2827 1155 2885 χωρκμιιτος
1186 2804 1284 2888 primi
1318 2827 1498 2883 μυστηριπυς
1521 2825 1546 2866 1

424 2917 615 3002 accipientes
640 2937 772 3002 quoque
794 2941 943 2994 μιιπηριω
967 2915 1099 2980 secundi
1122 2942 1312 2999 χωρημιτοε,
1336 2915 1426 3002 quod
1450 2930 1500 2983 est

422 3032 565 3116 primum
589 3055 724 3110 χωρκμαι
747 3028 822 3094 inde
845 3052 865 3093 a
888 3043 981 3111 parte
1010 3042 1158 3106 externa,
1191 3033 1245 3094 isti
1269 3052 1400 3116 quoque
1428 3054 1498 3095 ma·

423 3143 549 3208 nebunt
571 3156 647 3231 post
670 3143 849 3208 secundum
874 3165 999 3230 regem,
1028 3146 1136 3208 emissi
1159 3166 1291 3230 quoque
1319 3147 1353 3208 in
1375 3144 1499 3212 lunrine

423 3260 489 3321 mei
512 3261 601 3343 regni
625 3285 705 3322 aare
721 3257 858 3344 gloriam
879 3259 1133 3343 uniuscuiusque
1149 3281 1274 3334 eorum,
1295 3281 1499 3347 unoquoque

422 3392 579 3436 mansuro
603 3374 637 3435 iu
659 3399 749 3456 τοπῳ,
772 3374 863 3436 cuius
879 3398 1035 3452 μυστηριον
1050 3376 1188 3460 accepit3
1211 3379 1286 3440 cirre
1305 3377 1498 3463 accipientes
1524 3391 1547 3434 1

423 3507 574 3566 pomam
605 3485 731 3549 excelsa
760 3499 915 3551 maneant
945 3508 1077 3572 quoque
1100 3489 1134 3551 in
1161 3514 1258 3557 rorare
1285 3487 1435 3565 excelsis,
1466 3504 1501 3553 et

423 3595 617 3680 accipientes
639 3623 789 3680 μυστηριαι
812 3602 922 3664 tenuia
944 3615 1100 3666 maneant
1119 3623 1251 3688 quoquc
1273 3605 1307 3666 in
1329 3629 1426 3674 serere
1448 3616 1499 3668 te·

423 3706 553 3772 uuibus.
597 3709 639 3773 Hi
663 3723 740 3776 sunt
761 3724 827 3777 tres
850 3727 951 3797 anepos
973 3719 1063 3803 regni
1085 3715 1226 3792 luminis,
1249 3743 1415 3801 μυπηριων
1438 3718 1500 3783 ho·

422 3843 499 3888 rum
520 3825 622 3889 trium
644 3840 757 3910 κληρων
779 3826 925 3907 luminis,
955 3843 1032 3894 sunt
1058 3830 1195 3918 grandes
1219 3854 1320 3918 quam
1345 3834 1499 3898 maxime.

506 3995 535 4055 1.
556 3994 712 4056 duodecim
733 4020 870 4083 μυπηρια
892 3999 1138 4076 („duodecimum
1159 4000 1331 4086 μυστηριον”
1353 4002 1402 4078 P.)
1465 4003 1498 4064 2.

423 4093 446 4153 ii
467 4117 587 4175 quoque
608 4117 695 4177 reges
718 4097 788 4174 (dei.
811 4099 953 4182 „reges”
975 4099 1024 4176 P.)
1086 4101 1116 4161 9.
1137 4125 1285 4186 μυττηριον
1304 4113 1395 4163 tenue
1409 4107 1500 4176 (uor-

422 4215 502 4276 voproe
524 4195 624 4256 tenuia
645 4198 695 4273 P.)
737 4197 785 4257 14.
808 4199 968 4260 manebunt
989 4221 1108 4282 quoque
1129 4201 1304 4278 (manebunt
1326 4203 1356 4262 bi
1377 4223 1501 4284 quoque

423 4291 511 4352 etism
534 4294 583 4370 P.)
649 4293 698 4356 17.
725 4299 887 4359 manebunt
912 4321 1030 4382 quoque
1057 4301 1235 4383 (manebunt
1255 4301 1285 4364 bi
1307 4325 1426 4386 quoque
1447 4304 1502 4382 Ρ.)

422 4388 475 4452 21.
495 4392 576 4474 quod
596 4406 643 4456 est
662 4396 757 4480 (quod
778 4398 857 4462 idem
878 4411 926 4462 est
944 4401 993 4479 P.)
