3254 5340
805 433 809 440 ’
915 471 984 540 11⁶

408 665 512 742 atque
532 652 660 740 reliqua
682 649 813 718 Psalmi.
858 651 947 717 Haec
970 678 1028 728 eos,
1050 653 1096 716 mi
1120 649 1267 729 domine,
1291 663 1342 716 cst
1363 651 1482 718 solutio

409 772 520 852 ripato,
550 789 648 854 quem
673 766 754 831 dixit
776 775 873 854 repro
895 769 930 830 iu
951 765 1066 831 mediis
1089 769 1205 853 viginti
1227 779 1370 852 quatuor
1394 793 1483 848 aepa-

408 907 481 960 τιις,
503 875 618 948 volens
641 881 748 946 lacere
773 903 828 946 eos
851 883 936 944 ¹scire
958 880 1116 944 miracula
1139 883 1263 957 omnia,
1293 903 1377 966 quae
1401 880 1484 946 leec-

408 1000 474 1066 tim
497 995 571 1072 sibi,
602 1009 702 1082 atque
724 995 832 1060 voluit
854 994 961 1058 lacere
989 1015 1045 1058 eos
1076 998 1174 1071 scire,
1205 1009 1238 1060 te
1269 993 1397 1060 dedisse
1427 1009 1485 1060 tua

408 1136 560 1196 pompm
580 1135 654 1194 pern
677 1109 898 1172 humanitatis.
942 1107 1081 1177 Factum
1103 1111 1202 1196 igitur
1225 1122 1287 1185 est,
1312 1131 1415 1196 quum
1436 1109 1485 1174 Ie·
1518 1135 1529 1174 s

410 1245 466 1289 sus
497 1221 642 1286 audisset
670 1223 750 1286 baec
780 1221 897 1298 verba,
917 1219 1021 1308 'quae
1056 1221 1137 1287 dixit
1165 1223 1351 1310 Philippus,
1389 1223 1483 1287 dixit:

378 1376 381 1384 ,
410 1363 504 1422 „rope
526 1361 674 1420 parapter
700 1335 866 1422 Philippa,
895 1336 974 1400 baec
1005 1351 1056 1424 est
1086 1336 1205 1400 solutio
1235 1341 1348 1417 sipara,
1387 1353 1485 1424 quem

410 1437 493 1516 dixit
514 1448 639 1536 repra?
683 1448 822 1514 Factum
844 1452 943 1536 igitur
967 1463 1017 1514 est
1037 1453 1157 1514 iterrun
1180 1463 1257 1537 post
1279 1451 1358 1516 baec
1375 1455 1485 1516 omnia

408 1585 583 1653 progressa
594 1563 754 1628 Maribam
766 1563 917 1628 adoravit
931 1564 1031 1651 pedes
1046 1563 1129 1640 lesu,
1154 1563 1243 1628 dixit:
1262 1569 1327 1642 „mi
1342 1565 1484 1642 domine,

407 1699 450 1744 ne
473 1679 611 1742 irascere
634 1677 713 1760 mibi
737 1681 904 1764 quaerenti
927 1691 974 1754 te,
998 1678 1089 1764 quod
1108 1681 1294 1763 quaerimus
1317 1702 1389 1744 rem
1412 1704 1483 1745 om·
1508 1705 1530 1746 s

408 1813 485 1858 uem
512 1794 547 1854 in
575 1790 739 1878 diligentia
767 1805 800 1856 et
827 1801 1000 1879 ardebam.
1045 1793 1161 1856 Dixisti
1184 1819 1244 1876 γαρ
1271 1792 1365 1858 nobis
1390 1793 1485 1858 olim:

409 1909 565 1994 quaerite,
588 1908 768 1980 invenietis,
786 1918 825 1970 et
847 1919 972 1982 vocate,
996 1908 1144 1991 aperient
1164 1905 1268 1983 vobis,
1292 1907 1384 1993 quod
1398 1931 1485 1974 unus

408 2017 469 2108 pap
506 2022 644 2106 quisque
681 2041 840 2105 quaerens
877 2022 1036 2093 inveniet,
1073 2033 1106 2084 et
1140 2023 1313 2106 unicuique
1350 2026 1486 2086 vocanti

409 2135 565 2220 aperient.
609 2133 702 2198 Nunc
725 2136 833 2220 igitur,
862 2137 907 2197 mi
930 2133 1077 2210 domine,
1101 2137 1175 2220 quis
1198 2147 1247 2200 cst
1271 2157 1368 2221 quem
1391 2139 1485 2201 inve-

406 2245 517 2310 niam?
542 2258 600 2307 aut
623 2248 695 2330 quis
713 2259 771 2320 est,
795 2269 894 2332 quem
916 2246 1128 2312 vocabimus?
1152 2263 1211 2313 aut
1233 2252 1305 2335 quis
1327 2253 1405 2326 iste,
1430 2253 1483 2314 cui
1510 2275 1532 2314 rs

409 2371 460 2424 est
480 2357 627 2446 potestas
651 2353 805 2424 dicendae
828 2361 928 2425 nobis
953 2373 1139 2446 exspersus
1166 2363 1359 2455 verborum,
1398 2377 1485 2450 quae

297 2464 369 2538 182
407 2469 680 2558 interrogabimus
715 2473 770 2536 tei
814 2487 872 2537 aut
902 2479 974 2560 quis
1004 2479 1082 2553 iste,
1117 2480 1174 2562 qui
1208 2480 1269 2542 scit
1304 2481 1373 2543 vim
1407 2502 1485 2544 ver·

406 2585 542 2660 borum,
566 2607 650 2671 quae
673 2585 937 2672 explorabimusi’
981 2590 1161 2677 Propterea
1184 2591 1274 2678 quod
1300 2595 1335 2656 in
1357 2619 1397 2660 ror
1427 2593 1484 2658 de-

408 2698 483 2764 disti
511 2697 605 2784 nobis
633 2726 695 2765 reor
718 2685 865 2778 luminis,
899 2715 997 2788 atque
1027 2703 1143 2768 dedisti
1172 2705 1266 2770 nobis
1294 2706 1428 2779 sardam
1452 2721 1486 2772 et

407 2815 638 2900 cogitationem
666 2813 762 2879 valde
795 2814 976 2881 sublimem.
1028 2818 1078 2882 D'c
1106 2818 1171 2890 boc
1197 2847 1244 2885 ουν
1271 2805 1360 2885 baud
1392 2825 1484 2908 quis-
1509 2847 1533 2886 ι

406 2948 508 3016 quarn
531 2930 636 2992 estin
658 2955 765 3016 κοσμῳ
788 2934 914 3016 generis
936 2930 1086 3012 humani,
1121 2955 1228 3019 neque
1255 2934 1344 3021 (rods)
1375 2939 1485 3000 estin

405 3041 576 3106 altitudine
605 3069 727 3119 cruror,
756 3046 808 3106 cui
837 3057 886 3108 est
912 3047 961 3109 vis
990 3045 1144 3111 dicendae
1172 3047 1269 3114 nobis
1294 3059 1486 3134 exspersus

404 3155 599 3230 verborum,
623 3179 707 3242 quac
724 3157 946 3243 exploramus,
971 3186 1066 3238 ειμητι
1085 3173 1124 3224 ιιι
1140 3161 1238 3238 solus,
1263 3167 1364 3228 sciens
1382 3187 1483 3229 omne

405 3281 439 3333 et
460 3269 624 3357 perlectus
647 3273 682 3335 in
705 3273 808 3346 omni,
841 3279 1017 3360 propterea
1041 3274 1130 3359 quod
1157 3277 1246 3341 baud
1269 3279 1404 3366 exploro
1431 3301 1482 3344 se-

405 3382 549 3450 cundum
577 3383 729 3460 modum,
758 3408 823 3471 quo
844 3369 1020 3474 vexplorant
1047 3387 1196 3454 homines
1224 3417 1357 3476 κισμου,
1388 3408 1482 3459 abac
1508 3419 1533 3458 ι

404 3497 593 3578 quaerimus
623 3519 684 3561 nos
713 3500 747 3561 in
777 3503 960 3584 cognitione
997 3501 1192 3581 altitudinis,
1230 3529 1331 3592 quam
1361 3505 1483 3572 dedisti

403 3603 516 3681 nobis,
548 3620 581 3670 et
604 3612 792 3692 quaerimus
821 3617 953 3699 quoque
976 3618 1010 3679 in
1039 3643 1123 3702 τυπῳ
1147 3618 1381 3705 explorationis
1404 3645 1480 3708 per·

403 3717 517 3796 lectae,
542 3742 642 3806 quam
665 3722 804 3788 docuisti
826 3749 901 3804 nos,
927 3751 993 3815 qua
1016 3731 1232 3818 exploremus.
1262 3735 1354 3798 Nunc
1370 3739 1479 3822 igitur,

402 3837 448 3899 mi
472 3833 617 3912 domine,
639 3859 681 3900 nc
703 3839 842 3905 irascere
865 3842 957 3918 mibi,
983 3857 1073 3910 ωλλω
1095 3847 1205 3912 revela
1226 3849 1304 3912 mihi
1327 3849 1479 3927 verbum,

404 3950 494 4034 quod
516 3952 725 4040 interrogabo
749 3953 810 4018 te.’'
855 3955 992 4020 Factum
1016 3972 1080 4035 est,
1105 3983 1208 4046 quum
1223 3962 1313 4028 lesus
1330 3964 1480 4030 audisset
1506 3989 1531 4029 ss

401 4061 482 4130 baec
504 4065 619 4144 verba,
650 4089 734 4154 quac
762 4068 843 4134 dixit
864 4069 968 4136 llaria
985 4071 1192 4160 Magdalena,
1219 4077 1423 4166 respondens
1448 4079 1481 4147 dr

487 4307 535 4370 13.
566 4313 686 4373 roranti
714 4315 790 4392 (add.
819 4317 955 4395 „intus”
977 4319 1025 4397 P.)
1097 4321 1146 4382 2st
1174 4321 1221 4384 De
1248 4323 1305 4384 boc
1332 4325 1480 4407 (Propter

401 4404 460 4468 boc
480 4429 503 4470 s.
525 4409 689 4490 Propterea
710 4414 757 4493 P.)
1203 4417 1205 4421 ’
