3254 5340
650 443 715 514 10³

142 627 240 705 ditor,
262 639 302 694 ut
322 622 475 713 proferat
497 645 613 691 eorum
636 624 842 690 solutionem.
886 623 1025 722 Factum
1046 629 1145 714 igitur
1160 641 1219 708 eet,

143 764 247 829 quum
268 743 414 828 primum
436 765 594 824 pampica
616 737 741 804 finisset
764 737 870 804 dicere
893 739 974 806 haec
995 741 1098 806 verba
1118 741 1218 826 uada·

141 881 221 931 aare,
252 873 427 942 progressa
449 853 552 918 Maria
580 852 676 919 dixit:
708 855 753 917 mi
778 852 924 931 domine,
955 877 1048 920 meus
1078 881 1141 924 rsus
1169 869 1219 922 est
1259 845 1329 920 161

142 995 233 1048 vespae
257 971 346 1032 omni
370 979 529 1054 tempore,
552 979 590 1030 ut
611 967 803 1053 progrediar
818 971 908 1032 omni
928 972 1014 1045 vice:
1038 967 1144 1034 dicam
1165 993 1218 1036 so·

102 1082 303 1148 elationem
334 1081 530 1156 verborum,
568 1101 653 1164 quae
683 1079 779 1156 dixit,
815 1095 906 1146 atta
942 1085 1042 1147 timeo
1072 1083 1218 1160 Petrum,
1251 1099 1283 1150 ><

143 1195 234 1283 quod
257 1207 375 1262 erratu
396 1194 476 1259 mihi
500 1205 533 1258 et
556 1192 626 1258 odit
647 1207 799 1258 nostrum
814 1217 924 1281 genus.
961 1194 1050 1260 Haeo
1068 1194 1100 1261 de
1115 1219 1219 1282 quum

142 1309 255 1374 locuta
278 1321 377 1384 esset,
408 1306 489 1372 dixit
517 1310 545 1372 ei
572 1309 717 1395 primum
740 1331 909 1390 μυστηρωνι
937 1329 1219 1396 unumquemque,

145 1426 202 1508 qui
224 1422 377 1508 impletus
401 1420 501 1486 fucrit
522 1447 669 1503 πνιυμιτι
691 1421 838 1497 luminis,
866 1435 905 1485 ut
925 1443 1117 1509 progressus
1139 1445 1218 1512 pro·

145 1536 233 1600 serat
254 1533 449 1600 solutionem
464 1535 594 1610 horum,
618 1557 702 1620 quae
718 1535 801 1607 dico,
824 1535 933 1600 nullus
948 1550 1088 1602 κωλυσιι.
1124 1537 1219 1602 Nunc

91 1673 119 1716 rs
144 1653 259 1736 igitur,
289 1661 340 1724 tu,
363 1671 383 1712 ο
406 1649 525 1724 Maria,
553 1648 666 1736 profer
689 1649 885 1712 solutionem
907 1647 1102 1725 verborum,
1133 1672 1219 1735 quae

144 1763 224 1828 dixit
246 1773 469 1848 sanescentia.
514 1762 728 1850 Respondens
750 1764 849 1848 igitur
871 1761 973 1825 Maria
1002 1761 1083 1826 dixit
1109 1765 1217 1849 primo

141 1903 294 1964 μυστηριῳ
322 1880 358 1944 in
385 1875 501 1940 mediis
530 1878 692 1958 μαθητιιςε
726 1877 771 1939 mi
802 1874 948 1952 domine,
985 1874 1025 1941 de
1055 1875 1218 1942 solutione

142 1991 336 2065 verborum,
367 2013 451 2076 quae
475 1989 556 2054 dixit
577 2014 674 2060 τιστις
693 1998 805 2076 cadro,
827 2002 886 2052 tua
909 1991 957 2054 vis
980 1989 1111 2054 luminis
1134 2015 1218 2076 expe·

147 2113 291 2190 φητευσεν
314 2103 392 2167 olim
414 2126 474 2190 per
495 2102 671 2168 Davidem:
695 2102 870 2180 „exaltabo
886 2114 935 2178 te,
951 2095 1104 2179 domine,
1128 2101 1219 2190 quod

92 2243 119 2284 rs
148 2219 299 2304 accepisti
321 2238 373 2280 me
396 2217 439 2281 ad
460 2230 508 2294 te,
540 2239 647 2303 neque
670 2217 775 2281 fecisti
802 2215 1010 2303 moraremini
1037 2238 1129 2281 meos
1157 2219 1219 2282 ini·

145 2333 247 2396 micos
270 2351 368 2418 super
389 2353 453 2396 me.
497 2331 647 2406 Domine,
671 2333 716 2395 mi
739 2321 835 2406 deus,
859 2329 997 2395 clamavi
1020 2351 1152 2396 sursum
1175 2329 1219 2398 ad

143 2459 176 2511 te
201 2459 233 2509 et
255 2448 392 2510 servasti
415 2467 477 2509 me.
522 2445 677 2520 Domine,
705 2445 826 2509 duxisti
847 2467 956 2510 meam
979 2447 1123 2510 animans
1146 2466 1218 2508 sur-

144 2581 218 2624 sum
240 2561 274 2623 in
298 2581 375 2624 orco
400 2561 432 2644 (i.
449 2581 476 2623 e.
500 2557 639 2622 eduxisti
662 2581 702 2623 ex
726 2558 777 2644 o).
823 2558 968 2624 Servasti
986 2558 1217 2624 descendentes

145 2671 188 2736 ad
217 2672 375 2737 foveam.”
420 2673 509 2736 Haec
532 2694 636 2759 quum
666 2672 799 2737 dixisset
825 2673 942 2749 Maria,
978 2671 1059 2737 dixit
1089 2675 1119 2737 ei
1147 2674 1215 2759 pri·

90 2812 119 2853 ao
146 2808 237 2850 mum
260 2807 430 2871 pompam:
454 2813 538 2871 ιυγε,
560 2800 673 2862 aeaut,
696 2787 812 2861 Maria,
835 2811 992 2868 μακαριος.
1021 2785 1162 2873 Pergens
1186 2783 1219 2851 ds

146 2900 253 2964 adhuc
275 2903 309 2963 in
339 2921 487 2964 sermone
518 2899 599 2964 dixit
627 2899 788 2984 :sedarent
822 2919 959 2986 pergens
988 2897 1094 2962 adhuc
1123 2923 1219 2970 rans:
1259 2881 1331 2956 152

146 3026 244 3101 σαφια
265 3015 300 3078 in
322 3011 385 3077 hoc
407 3016 492 3099 ὑμνῳ
515 3013 609 3080 dixit:
643 3014 779 3090 „lumen
806 3011 930 3076 sactum
957 3011 1037 3076 mihi
1066 3024 1115 3074 est
1136 3010 1217 3074 lihe-

143 3143 250 3204 rator,
280 3141 314 3194 et
342 3131 504 3193 convertit
531 3151 640 3193 meam
669 3127 839 3214 caliginem
866 3125 946 3190 mihi
972 3128 1006 3188 in
1033 3123 1154 3199 lucem,
1185 3137 1219 3190 et

146 3243 240 3307 scidit
262 3243 360 3308 chaos
385 3243 589 3306 circumdans
611 3265 680 3319 me:
711 3243 809 3308 cinxit
830 3261 883 3304 me
906 3237 1054 3304 lumine.’‘
1081 3237 1219 3304 Factum

93 3380 121 3420 as
146 3359 245 3443 igitur
274 3370 336 3432 est,
368 3377 471 3442 quum
498 3359 643 3443 primum
670 3381 827 3438 μυστηριον
855 3352 978 3419 finisset
1006 3351 1111 3419 dicere
1137 3351 1219 3416 haec

145 3470 256 3546 verba,
278 3491 452 3558 progressa
474 3469 603 3534 Martha
626 3469 720 3534 dixit:
743 3471 789 3532 mi
812 3467 958 3542 domine,
981 3479 1040 3532 tua
1061 3469 1112 3530 vis
1135 3491 1219 3550 erpa-

145 3595 291 3672 φητευσεν
327 3584 406 3648 olim
440 3605 500 3671 per
534 3582 696 3647 Davidem
728 3583 768 3647 dc
801 3583 851 3646 his
883 3581 1006 3646 verbis:
1041 3579 1218 3658 „dominus

143 3700 252 3764 factus
274 3698 355 3763 mihi
379 3697 496 3773 βοηθος,
527 3701 689 3762 convertit
710 3720 821 3761 meum
848 3696 973 3760 luctum
996 3695 1074 3760 mihi
1097 3698 1132 3759 in
1153 3694 1220 3758 lae-

145 3816 262 3874 titiam.
302 3809 404 3874 Scidit
426 3833 536 3875 meum
554 3832 693 3888 saccum,
717 3813 815 3875 cinxit
830 3833 882 3874 me
899 3808 1045 3896 gaudio.''
1082 3808 1221 3871 Factum

94 3949 121 3988 aa
149 3923 180 3988 ds
204 3937 263 3998 est,
288 3945 390 4008 quum
412 3927 556 4012 primum
571 3953 727 4010 nucrapnv
744 3925 888 3988 audisset
903 3923 981 3985 haec
995 3917 1111 3993 verba,
1136 3939 1221 4003 quae

150 4035 232 4102 dixit
261 4036 404 4114 Martha,
435 4039 527 4104 dixit:
559 4067 629 4126 ευγε
652 4053 686 4103 ct
714 4051 817 4105 καλως
839 4035 976 4099 Martha.
1025 4031 1166 4118 Pergens
1189 4027 1222 4098 de

222 4185 272 4246 17.
292 4189 418 4249 servasti
440 4190 562 4262 (sanasti
584 4191 633 4266 P.)
675 4187 726 4247 18.
750 4185 881 4247 Servasti
900 4181 1114 4245 descendentes
1136 4185 1222 4262 (Ser-

144 4288 220 4350 vasti
249 4309 335 4350 mea
362 4289 612 4352 descendentibus
641 4288 692 4366 Ρ.)
762 4287 813 4348 19.
841 4285 923 4346 Haec
953 4305 1046 4366 quum
1072 4285 1168 4366 (Haec
1189 4280 1222 4346 δι

145 4410 238 4469 quum
259 4389 311 4466 P.)
