3240 5328
640 441 706 509 199

135 645 249 709 κισμον
272 623 342 689 aliis
365 630 497 699 κυκλιις,
522 630 710 710 accepturas
735 641 804 688 esse
828 637 880 700 ca,
902 636 983 688 num
1003 647 1106 692 ιυκιυν
1120 627 1210 693 baud

134 737 338 826 affliguntur,
367 750 406 800 ιιι
433 738 627 824 perveniant
654 735 696 800 ad
724 736 909 824 accipienda
930 740 1100 825 pompm?
1144 740 1207 806 lie-¹
1247 739 1320 818 317

133 851 297 940 spondens
321 875 414 934 corap
438 848 520 915 dixit
548 852 613 913 suis
635 848 798 932 μαθηταιςι
828 874 987 935 naporum
1010 873 1117 941 κιιμῳ
1147 851 1209 918 toti

133 965 275 1030 dicentes
299 963 499 1028 bominibus:
528 975 687 1050 pugnate,
717 976 756 1027 ut
787 963 949 1051 accipiatis
979 989 1129 1052 μυιιηριιι
1156 959 1207 1032 iu-

92 1099 106 1136 ι
133 1079 227 1142 minis
250 1077 313 1142 boc
337 1091 486 1165 tempore
510 1075 642 1150 afflicto,
666 1083 705 1139 ut
719 1078 844 1142 intretis
866 1079 900 1140 in
914 1099 1052 1165 regnum
1067 1080 1207 1146 luminis.

131 1191 178 1256 Ne
203 1195 358 1279 opponite
382 1190 468 1254 diem
492 1201 607 1253 contra
631 1188 727 1264 diem,
751 1201 809 1253 aut
831 1204 941 1255 κυκλιν
957 1202 1071 1257 contra
1086 1206 1206 1271 κυκλιν,

131 1318 170 1367 ut
193 1303 378 1380 confidatis,
400 1323 461 1367 vos
484 1314 701 1390 perventuros
726 1322 795 1366 essa
819 1302 860 1367 ad
884 1303 1070 1391 accipienda
1089 1329 1206 1390 porcae

131 1443 191 1504 ριι,
215 1439 318 1502 quum
340 1413 494 1480 iverimus
517 1417 552 1478 in
574 1441 686 1498 κοσμιν
702 1415 765 1479 alio
788 1430 903 1503 κυκλῳ.
933 1417 978 1481 Ει
994 1418 1027 1482 bi
1048 1417 1206 1497 nesciunt,
1244 1411 1282 1466 Χ

134 1529 265 1615 quando
289 1529 346 1594 fiet
368 1529 490 1615 αριθμος
507 1525 624 1615 «toxos
641 1541 767 1594 τελιιων.
803 1528 887 1593 Nam
910 1529 936 1593 si
959 1556 1020 1616 γαρ
1043 1530 1149 1596 iactus
1165 1536 1207 1596 sit

11 1671 13 1706 t
80 1663 107 1704 ro
134 1643 255 1728 αριθμις
277 1639 395 1729 «bozon
419 1654 545 1718 τελειωι,
573 1641 723 1708 claudam
753 1643 852 1728 igitur
882 1653 981 1711 rotae
1002 1643 1142 1722 luminis,
1174 1657 1207 1710 et

132 1756 242 1820 nullus
264 1756 400 1820 intrabit
421 1756 496 1820 inde
520 1755 561 1820 ab
583 1757 646 1820 boc
668 1770 832 1843 tempore,
856 1749 922 1822 ιυδε
944 1757 1117 1843 quisquam
1141 1761 1207 1822 exit

132 1869 284 1958 posthac,
317 1884 492 1957 propterea
515 1868 605 1956 quod
631 1869 783 1958 impletus
814 1883 864 1934 est
886 1868 1007 1955 αριθμις
1025 1869 1141 1959 ψυχων
1158 1891 1206 1938 τι·-

131 1997 234 2060 λιιων,
282 1993 380 2069 atque
410 1983 592 2070 perfectum
628 1996 679 2048 est
710 2005 868 2068 μυιτιιριιν
902 1983 1000 2070 primi
1034 2003 1205 2069 μυστηριοιι,

132 2111 269 2186 propter
293 2096 382 2183 quod
406 2099 597 2160 universum
619 2096 744 2160 iactum
767 2109 825 2174 est,
854 2097 944 2183 quod
965 2117 1121 2181 pompato
1145 2115 1204 2184 ego

11 2251 15 2288 =
79 2231 106 2273 ιι
134 2233 218 2287 sum,
242 2209 371 2275 etin'dc
395 2209 521 2273 abhoc
548 2223 696 2297 tempore
723 2205 812 2274 baud
835 2213 1009 2297 quisquam
1038 2214 1206 2299 perveniet

13 2369 15 2376 ‹
130 2329 165 2390 in
188 2326 314 2400 lumen,
348 2337 381 2388 et
402 2322 492 2386 haud
515 2326 688 2409 quisquam
712 2323 811 2389 exibit
834 2325 973 2412 amplios
995 2329 1030 2388 in
1053 2347 1204 2390 eonsum-

129 2441 274 2504 matione
302 2440 460 2525 temporis
496 2435 621 2522 αριθμιυ
643 2434 760 2522 ψυχων
780 2441 906 2512 tonatur}
940 2451 1116 2523 antequam
1144 2460 1204 2525 po·
1247 2475 1282 2514 -ι

11 2597 14 2610 .
128 2575 207 2618 nam
228 2556 338 2639 ignem
361 2553 403 2616 ad
426 2575 547 2634 κισμοι,
570 2563 609 2614 ut
629 2565 748 2638 purget
763 2571 871 2619 ιιιωνιις
887 2565 1204 2632 statutumquam

12 2725 13 2744 ,
132 2677 165 2730 et
180 2689 373 2745 vespernam
396 2678 429 2728 et
449 2677 573 2728 terram
590 2685 730 2739 omnem,
755 2677 853 2749 atque
871 2668 1064 2737 etiamsinon
1081 2679 1203 2740 omncs,

11 2855 13 2860 ι
76 2797 105 2840 so
133 2797 218 2864 quae
240 2781 275 2840 in
298 2801 350 2852 eo,
385 2801 426 2843 ιτι
449 2777 555 2841 adbuc
579 2775 735 2840 existente
765 2793 881 2861 genere
904 2778 1059 2842 humano.
1105 2775 1204 2842 Tem·
1243 2773 1318 2847 318

130 2913 213 2981 porc
237 2918 284 2956 ooo
306 2889 362 2955 illo
386 2889 557 2978 apparebit
578 2890 680 2974 magis
703 2909 798 2957 τιστις
824 2899 858 2951 et
878 2913 1029 2973 μυστηριιι
1051 2889 1113 2952 illis
1138 2887 1204 2954 die-

11 3063 14 3094 ¹,
130 3003 205 3070 bus.
248 3003 356 3091 Atque
379 3003 502 3068 multae
523 3000 635 3090 ψυχιι
663 3003 800 3066 veniunt
826 3022 887 3088 per
914 3015 1045 3070 κυκλιυς
1068 2999 1204 3086 μεταβο-

12 3155 13 3164 ι
131 3135 192 3187 λων
213 3135 369 3196 σωματος,
392 3127 491 3202 atquc
512 3119 649 3181 veniunt
670 3118 704 3179 in
726 3140 838 3199 κοσμιι
855 3113 1016 3202 quaedam
1037 3118 1072 3179 in
1086 3117 1124 3178 iis
1141 3113 1205 3178 hoc

11 3289 13 3322 3
131 3247 295 3320 tempore,
320 3251 402 3318 quae
424 3251 511 3295 nunc
535 3229 702 3294 audientes
726 3251 779 3294 me
803 3228 973 3294 docentem
989 3227 1030 3295 de
1053 3248 1204 3294 consum·

77 3365 105 3407 ss
131 3349 276 3411 matione
300 3345 424 3430 αριθμιυ
441 3359 554 3410 arnusto
571 3342 690 3432 ψυχων
713 3345 876 3430 reperient
896 3367 1046 3430 μυστηριι
1073 3339 1207 3406 luminis

133 3475 167 3525 et
189 3461 346 3548 accipient
369 3482 416 3526 ea.
466 3459 511 3525 Et
537 3459 674 3524 veniunt
703 3457 745 3522 ad
773 3471 887 3545 portas
911 3455 1037 3546 (ιυλας)
1064 3453 1205 3534 luminis,

131 3587 170 3639 ut
190 3577 358 3641 inveniant
378 3573 480 3650 istud,
502 3587 679 3661 postquam
701 3573 854 3661 impletus
878 3586 928 3639 est
950 3571 1071 3660 αριθμος
1087 3568 1207 3658 *buxos

131 3703 261 3764 τιλιιων,
293 3711 378 3773 quae
411 3700 462 3751 est
489 3692 726 3754 consummatio
749 3692 846 3776 primi
868 3711 1045 3773 μυστηριιυ,
1081 3695 1114 3749 ct
1141 3683 1206 3748 boc

133 3809 184 3860 est
206 3802 345 3884 cognitio
368 3801 528 3874 universi3
552 3813 585 3865 et
602 3804 769 3864 invenient
782 3799 884 3874 istud,
906 3812 1084 3884 postquam
1105 3793 1206 3858 clausi

216 3967 244 4026 8.
265 3966 325 4025 alio
345 3975 441 4039 κυκλῳ
464 3963 541 4040 (aliis
563 3974 677 4025 κυκλοις
698 3965 745 4038 Ρ.)
793 3961 843 4022 ¹6.
866 3963 958 4022 exibit
978 3947 1102 4042 amplius
1124 3963 1206 4038 (ver-

131 4066 254 4127 tendum
277 4065 378 4144 potius
400 4063 519 4123 videtur
540 4063 587 4124 vei
609 4064 716 4138 „exire
739 4063 861 4142 poterit,
883 4057 987 4141 quod‘'
1002 4059 1050 4120 vel
1065 4061 1136 4134 „ire
1151 4079 1207 4139 po·

131 4167 216 4242 terit,
238 4175 395 4246 propterea
418 4163 521 4243 quod”
544 4164 591 4240 P.)
642 4162 692 4222 20.
713 4182 788 4242 quae
810 4162 840 4220 in
857 4182 893 4221 eo
907 4165 1080 4240 (ιακοσμῳ.
1112 4159 1206 4241 Equi-

133 4267 200 4327 dem
222 4275 340 4326 vertere
361 4262 459 4324 malim
481 4251 631 4345 „quaein
654 4261 707 4324 ea”
728 4281 769 4325 sc.
788 4271 868 4324 terra
886 4259 936 4340 Ρ.)
993 4257 1043 4322 28.
1064 4279 1138 4344 quae
1160 4271 1207 4323 cst
1268 4267 1272 4274 “

134 4363 257 4448 („quod
278 4363 348 4427 est”
363 4363 412 4428 vei
433 4363 513 4446 „qui
534 4361 606 4428 eat”
626 4359 677 4442 Ρ.)
