3296 5354
659 422 703 494 59

138 629 203 686 me,
249 606 365 690 Quum
388 617 663 692 congregarentur
689 609 725 670 in
751 627 804 672 me
827 605 938 685 sirum,
972 608 1143 674 consilium
1166 631 1217 677 ce·

139 735 262 812 parunt
285 721 329 786 ad
352 718 568 786 auferendam
589 742 698 786 meam
716 717 827 808 ψυχην
850 745 870 786 a
891 743 954 788 me.
998 722 1070 810 Ego
1094 722 1126 791 de
1149 745 1216 790 cre·
1260 749 1262 754 ·

140 835 209 902 didi
225 834 300 912 tibi,
325 834 466 911 dominc,
491 833 570 899 dixi:
594 847 631 898 tu
655 855 689 899 es
712 855 806 900 meus
830 834 920 912 deus,
943 849 1021 900 sunt
1035 840 1099 902 mei
1116 851 1218 925 κληροι

139 953 175 1014 in
197 951 263 1013 tuis
285 947 447 1012 manibus.
492 947 612 1012 Libera
637 970 691 1012 me
720 971 740 1012 a
770 971 872 1014 manu
898 971 1050 1014 meorum
1071 953 1217 1016 inimico·

98 1090 114 1130 s
142 1086 227 1140 rum,
252 1075 285 1128 et
307 1083 403 1128 serva
424 1082 479 1126 me
502 1084 523 1125 a
543 1062 813 1149 persequentibus
842 1085 905 1128 me.
949 1063 1097 1130 Monstra
1124 1078 1218 1129 tuam

141 1176 260 1244 facicm
283 1199 382 1264 super
403 1187 500 1240 tuum
523 1179 723 1253 ministrum,
760 1190 793 1240 et
822 1199 916 1242 serva
943 1199 997 1241 me
1020 1179 1134 1241 intua
1156 1181 1216 1242 mi-

142 1290 334 1368 sericordia,
377 1289 518 1356 domine.
585 1290 633 1355 Ne
675 1289 728 1355 fao
770 1289 894 1354 alliciar
934 1289 1078 1376 pudore,
1125 1291 1218 1378 quod

144 1406 283 1470 clamavi
312 1425 443 1470 sursum
470 1403 514 1469 ad
543 1415 585 1468 te.
629 1403 826 1468 Afficiuntor
854 1403 982 1491 pudore
1012 1405 1146 1482 areidae,
1185 1419 1219 1472 et

146 1531 340 1584 convertant
363 1541 396 1584 sc
417 1517 460 1583 ad
485 1539 608 1583 orcum.
647 1517 753 1582 Sunto
776 1531 870 1582 muta
890 1516 978 1582 labia
994 1516 1117 1596 dolosa,
1139 1541 1218 1607 pro·

86 1659 117 1700 ro
146 1632 284 1697 ferentia
306 1658 431 1716 ανομισιν
455 1645 570 1697 contra
593 1631 701 1698 desasto
724 1634 759 1696 in
788 1631 941 1718 superbia
968 1644 1002 1696 et
1023 1633 1218 1698 contemtu.''

144 1747 258 1830 Quum
286 1746 377 1812 Iesus
406 1743 438 1812 ds
467 1746 613 1812 audisset
639 1745 719 1810 haec
746 1743 862 1822 verba,
892 1744 987 1810 dixit:
1009 1758 1113 1816 καλως
1135 1746 1218 1810 Mat-

143 1862 247 1928 tbace.
292 1861 387 1926 Nunc
409 1863 516 1948 igitur,
541 1887 639 1947 αμην,
664 1859 735 1926 dico
757 1859 868 1937 vobis,
892 1881 967 1923 cum
989 1860 1142 1947 impletus
1165 1858 1218 1924 fu·
1270 1856 1320 1930 89

144 1979 206 2040 erit
228 1973 349 2061 αριθμος
366 1989 484 2052 cateias,
508 1988 608 2062 atque
630 1977 822 2040 universum
850 1986 1001 2040 evectum
1023 1973 1138 2051 fuerit,
1168 1995 1218 2040 se-

147 2087 232 2153 debo
255 2091 290 2152 in
312 2088 446 2176 θησαυρῳ
468 2089 610 2166 luminis,
640 2102 673 2154 et
695 2111 755 2155 vos
780 2109 911 2175 quoque
939 2077 1091 2152 sedebitis
1121 2109 1220 2175 super
1257 2127 1286 2195 ἃ

91 2229 119 2269 rs
149 2201 322 2268 duodecim
343 2206 428 2288 vires
449 2204 596 2280 luminis,
629 2226 733 2291 usque
761 2202 842 2267 dum
868 2205 1106 2267 restituerimus
1130 2204 1219 2290 (exe-

144 2314 285 2402 atodtm)
308 2313 405 2408 ταξεις
431 2339 544 2382 omnes
568 2317 741 2384 duodecim
763 2343 894 2405 σωτηρων
915 2320 951 2381 in'
978 2342 1064 2383 τοπον
1082 2330 1219 2405 κληρονο-

143 2411 496 2519 macuniuscuiusque
519 2455 644 2497 corum.
681 2431 771 2498 Haec
793 2431 825 2499 de
845 2455 949 2519 quum
970 2431 1101 2498 locutus
1124 2445 1219 2509 esset,

146 2545 240 2614 dixit:
272 2573 373 2624 νοιιτι,
404 2546 484 2632 quid
507 2546 632 2612 dicam?
677 2546 856 2634 Progressa
877 2547 997 2624 Maria,
1028 2523 1137 2611 dixit:¹
1160 2545 1219 2611 do·

145 2663 245 2740 mine,
274 2661 318 2727 de
339 2661 402 2726 hoc
424 2664 496 2749 ipso
521 2659 629 2726 dixisti
657 2659 751 2726 nobis
781 2661 860 2726 olim
886 2663 922 2726 in
948 2661 1128 2752 παρωβολῃε
1158 2682 1219 2727 vos

91 2801 120 2842 x
145 2779 323 2862 daemonas
343 2797 475 2842 mecum
496 2801 687 2860 πειρασμους.
726 2774 933 2839 Constituam
954 2775 1125 2840 vobiscum
1146 2797 1220 2862 reg·

146 2913 237 2966 num,
267 2893 350 2956 sicut
383 2911 477 2955 meus
505 2902 600 2978 pater
630 2890 799 2953 constituit
833 2886 915 2952 illud
943 2909 1087 2964 mecum,
1130 2888 1221 2973 quod

149 3005 251 3072 edetis
282 3017 315 3070 et
343 3003 460 3070 bibetis
492 3025 590 3093 super
625 3023 747 3068 meam
764 3001 909 3088 τραπεζην
942 3003 978 3064 in
1005 3021 1079 3065 meo
1109 3022 1220 3086 regno,

148 3132 249 3207 atque
279 3117 430 3184 sedebitis
458 3140 556 3206 super
586 3115 759 3182 duodecim
787 3112 912 3204 θρονους,
942 3127 982 3178 ut
1006 3139 1116 3201 κρινητι
1138 3112 1220 3178 duo-

149 3234 255 3300 dccim
278 3240 385 3320 φυλας
406 3231 542 3299 Israelis.
586 3231 677 3296 Dixit
700 3233 743 3296 ei:
771 3256 854 3316 ιυγε,
877 3225 988 3294 Maria.
1149 3321 1153 3330 ³

94 3372 123 3413 aa
238 3348 380 3436 Pergcns
410 3346 517 3412 adhuc
548 3345 638 3412 Iesus
669 3345 751 3410 dixit
780 3346 847 3410 suis
875 3341 1032 3429 μαθηταις.
1083 3339 1223 3408 Factum

149 3475 199 3530 est
224 3465 345 3528 iterum
371 3475 449 3550 post
476 3461 570 3537 haec,
609 3483 713 3547 quum
736 3459 917 3548 allligerent
938 3485 1033 3526 πιστιν
1054 3466 1166 3546 codena
1188 3460 1223 3522 iu

146 3579 228 3644 chao
251 3577 403 3665 προβολαι
421 3572 584 3652 cadalous,
608 3575 690 3640 dixit
711 3597 834 3640 nonam
846 3599 1005 3661 μιτανοιων
1021 3573 1146 3639 dicens:
1170 3569 1222 3651 „O

145 3694 268 3769 lumen,
299 3716 442 3760 aarum
463 3690 534 3766 hos,
559 3691 616 3774 qui
639 3689 802 3756 abstulere
827 3711 937 3756 meam
958 3692 1027 3754 vim
1050 3708 1159 3764 ame,
1191 3699 1224 3754 et

149 3806 279 3870 auferas
301 3808 385 3882 um,
409 3826 510 3891 quam
532 3802 739 3869 abstulerunt
759 3804 855 3880 mihi,
880 3801 970 3890 quod
993 3823 1052 3888 ego
1069 3823 1143 3865 sum
1165 3811 1224 3861 tua

97 3941 125 3982 aa
152 3920 202 3983 vis
227 3929 260 3982 et
281 3931 377 3980 tuum
398 3917 519 3984 lumen.
549 3917 648 3994 Veni,
672 3940 780 3983 serves
803 3939 865 3982 me.
898 3917 1014 4001 Magna
1038 3913 1139 3998 caligo
1163 3909 1222 3974 ob·
1275 3907 1324 3980 90

151 4033 253 4118 tegito
278 4029 456 4117 affligentes
478 4055 540 4100 me.
585 4031 645 4096 Dio
675 4053 768 4097 meae
796 4033 844 4096 vi:
878 4026 1024 4094 liberabo
1051 4038 1093 4090 te.
1137 4023 1224 4089 lndi·

232 4277 283 4338 20.
305 4301 477 4364 πειρασμους
498 4281 545 4358 (in
565 4299 728 4364 πειρασμοις
748 4276 799 4355 Ρ.)
844 4275 895 4336 21-.
917 4273 996 4336 sicut
1016 4271 1065 4353 (ad
1087 4271 1224 4336 verbum:

149 4402 225 4438 κατα
246 4379 379 4456 modum,
401 4401 461 4460 quo
484 4380 533 4460 P.)
