3296 5354
689 407 733 478 53

172 604 262 668 cata,
293 604 431 679 propter
454 600 548 654 tuam
578 587 779 677 αγαθοσυνην,
808 591 937 671 lumen,
968 593 1058 680 quod
1080 594 1193 683 αγαθον
1216 611 1250 664 et

172 720 300 774 rectum
325 718 375 770 est
396 705 518 768 lumen.
557 703 698 792 Propter
719 704 781 770 boc
805 705 897 771 dabit
918 730 1028 774 meam
1048 713 1137 776 viam
1160 711 1249 788 mibi,

171 832 211 883 ut
234 840 346 884 server
368 821 403 882 in
424 839 500 882 mea
521 818 714 901 vopei-iero,
747 831 779 884 et
800 843 893 886 meae
916 826 1016 899 vires,
1052 846 1136 911 quae
1160 824 1248 890 debi-

170 933 283 998 litatae
317 945 395 996 sunt
421 933 540 996 timore
569 931 723 1016 τροβολων
743 935 853 1000 tarsos
873 933 1035 1013 notatam,
1068 937 1177 1004 trahet
1206 939 1249 1004 ab

130 1071 145 1109 s
172 1051 212 1112 iis
235 1044 417 1112 secundum
440 1065 537 1110 suum
559 1056 737 1123 statutum,
760 1061 793 1111 et
815 1069 905 1113 meas
927 1052 1028 1128 vires,
1051 1073 1135 1137 quae
1158 1051 1248 1117 debi-

171 1159 284 1226 litatae
308 1173 386 1225 sunt
408 1158 450 1223 ab
472 1159 797 1237 immisericordibus,
822 1161 952 1227 docebit
974 1185 1068 1228 suam
1091 1167 1247 1252 cognitio-

171 1297 257 1340 nem.
303 1273 406 1356 Quod
428 1276 581 1339 scientiae
604 1295 717 1339 omnes
741 1275 871 1340 luminis
900 1275 1046 1342 salubres
1075 1279 1136 1365 (pr.
1160 1279 1246 1342 salu·

172 1388 235 1473 tes)
259 1401 344 1464 sunt,
367 1401 401 1453 et
418 1415 568 1472 μυστηριι
585 1401 662 1452 sunt
675 1391 772 1454 unius
789 1391 946 1476 cuiusque
962 1394 1146 1476 quaerentis
1161 1417 1248 1459 rosor

173 1505 243 1567 eius
273 1515 467 1588 κληρονομιας
500 1504 634 1588 eiusque
661 1527 812 1588 μυστηριαι
845 1513 980 1591 propter
1012 1531 1169 1590 μυστηριον
1200 1507 1248 1570 tui

118 1639 145 1680 ro
172 1617 323 1692 nominis,
345 1614 465 1680 lumen.
509 1615 652 1680 Remitte
674 1637 783 1680 meam
806 1616 992 1697 παραβασιν,
1017 1618 1108 1702 quod
1127 1641 1246 1706 magna

171 1743 230 1796 est.
275 1729 455 1816 Unicuique
477 1727 622 1794 credenti
647 1729 762 1793 lumini
786 1727 877 1793 dabit
904 1732 933 1794 ei
955 1755 1120 1816 μυστηριον,
1156 1731 1247 1818 quod

168 1845 321 1909 voluerit
365 1843 411 1908 Et
438 1845 506 1907 eius
528 1840 624 1930 doxa
655 1845 717 1907 erit
745 1845 780 1906 in
808 1869 907 1914 τοποις
935 1843 1082 1921 luminis,
1113 1858 1147 1910 et
1176 1848 1246 1910 eius

170 1962 221 2024 vis
243 1971 453 2046 κληρονομησιι
473 1955 614 2042 brenaco
635 1955 777 2020 ltuninis.
827 1956 954 2022 Lumen
981 1971 1044 2034 est,
1075 1958 1166 2046 quod
1189 1957 1246 2024 dat
1296 1946 1346 2024 79

171 2074 241 2136 vim
262 2071 329 2149 bis,
352 2075 408 2157 qui
430 2097 614 2137 πιστευουσιν
638 2073 682 2147 ei,
706 2083 739 2135 et
760 2092 881 2135 nomen
904 2050 954 2136 sui
975 2097 1138 2159 μυπηριου
1156 2072 1247 2160 apud

117 2208 145 2249 rs
172 2186 234 2251 hos
258 2197 323 2262 est,
353 2187 409 2271 qui
430 2184 568 2250 credunt
590 2187 633 2261 ei,
665 2197 698 2249 et
720 2183 916 2250 monstrabit
942 2189 981 2250 iis
1003 2211 1091 2253 rosor
1109 2199 1246 2273 κληρονο-

170 2325 260 2386 pm,
297 2321 379 2385 quae
402 2302 437 2363 in
458 2298 594 2386 θησαυρῳ
615 2296 757 2362 luminis.
800 2299 872 2388 Ego
896 2298 928 2366 dc
946 2326 1108 2368 ιπιστευσα
1130 2300 1246 2373 lumini

172 2416 448 2501 omnitempore,
481 2412 571 2499 quod
597 2411 686 2476 istud
712 2412 864 2478 liberabit
890 2437 981 2480 meos
1010 2413 1109 2503 pedes
1133 2437 1151 2480 e
1173 2417 1245 2480 vin-

172 2529 251 2593 culis
275 2529 427 2614 caliginis.
472 2525 628 2592 Animum
650 2538 743 2593 verte
766 2526 809 2592 ad
831 2551 899 2607 me,
922 2529 1048 2606 lumen,
1079 2541 1113 2593 et
1134 2549 1244 2595 serves

169 2665 241 2720 me,
280 2642 371 2729 quod
400 2641 480 2706 mibi
509 2667 570 2727 γαρ
605 2640 767 2706 abstulere
798 2665 911 2708 meum
938 2665 1059 2708 nomen
1088 2645 1123 2708 in
1152 2643 1243 2708 chao.

116 2778 145 2819 ao
172 2766 264 2845 napa
289 2757 456 2843 spofiottoas
485 2754 636 2820 omnibus
668 2755 792 2820 multae
828 2769 905 2820 sunt
938 2755 1117 2821 admodum
1151 2734 1245 2822 meae

172 2869 288 2957 θλιψιις
312 2883 345 2935 ct
367 2891 442 2934 mea
469 2868 647 2934 afflictatio.
692 2867 811 2933 Libera
839 2890 891 2933 me
921 2890 939 2932 e
967 2891 1041 2935 mea
1067 2869 1245 2953 παρωβασει

173 2998 273 3071 atque
296 2987 394 3048 etiam
415 2984 476 3048 hac
500 2983 642 3070 ealigine,
670 2996 703 3047 et
730 2985 857 3046 intuere
878 2984 914 3045 in
936 3003 1129 3046 aerumnam
1150 3003 1244 3046 meae

172 3098 399 3163 afflictationis.
436 3099 596 3163 Remittas
618 3117 728 3161 meam
749 3096 935 3179 παρωβασιν.
974 3093 1131 3160 Animum
1153 3107 1245 3161 verte

171 3216 207 3278 in
230 3237 380 3298 αρχοντας
407 3210 580 3277 duodecim
607 3238 729 3288 cruror,
768 3213 824 3297 qui
852 3209 993 3275 oderunt
1018 3230 1072 3273 me
1101 3208 1244 3274 aemula-

120 3347 146 3388 as
173 3330 273 3393 tione.
317 3325 450 3414 invigila
478 3329 514 3390 in
542 3347 652 3390 meam
680 3327 749 3390 vim
780 3337 813 3390 et
842 3345 951 3390 serves
980 3345 1049 3400 me,
1078 3343 1162 3389 neve
1190 3322 1243 3387 fac

170 3463 225 3507 me
248 3463 380 3506 manere
402 3444 438 3505 in
458 3440 519 3504 bac
543 3439 686 3527 caligine,
710 3437 801 3526 quod
823 3463 983 3505 exscreare
1005 3437 1079 3514 tibi,
1103 3450 1137 3504 et
1158 3436 1243 3503 iccc-

168 3570 250 3624 runt
270 3578 324 3620 me
347 3555 486 3620 stultum
509 3553 704 3630 admodum,
733 3553 825 3640 quod
846 3579 1007 3620 mareson
1028 3551 1101 3630 tibi,
1122 3552 1243 3618 lumen

169 3671 264 3737 Nunc
285 3673 400 3757 igitur,
422 3669 548 3745 lumen,
571 3689 665 3732 serva
687 3688 777 3732 meas
800 3671 887 3734 vires
908 3671 943 3733 in
966 3667 1130 3755 προβολαις
1149 3665 1243 3734 oodo-

171 3781 254 3858 dooc‚
275 3787 310 3846 in
325 3783 443 3868 quibus
460 3783 596 3870 affligor.
633 3781 726 3847 Nunc
746 3784 844 3869 igitur
864 3790 962 3870 νηφων
984 3781 1126 3869 mono?
1155 3779 1246 3843 Haec

120 3916 147 3956 ao
174 3899 273 3982 igitur
297 3917 400 3981 quum
421 3895 510 3961 lesus
526 3896 660 3962 dixisset
679 3899 746 3961 auis
767 3895 925 3980 μαθητακ,
947 3913 1138 3982 progressus
1153 3891 1244 3956 Tho·

173 4031 245 4073 mas
269 4007 365 4073 dixit:
394 4013 440 4073 mi
464 4009 608 4088 domine,
641 4017 740 4097 νηφω,
768 4011 937 4095 magisque
963 4014 1056 4094 νηφω,
1079 4019 1111 4069 et
1132 4025 1245 4070 meum

172 4149 295 4210 πνιυμα
320 4123 425 4190 alacre
447 4125 481 4190 in
503 4147 573 4202 me,
607 4135 706 4212 atque
728 4122 833 4188 laetor
855 4123 1010 4198 maxime,
1040 4118 1131 4208 quod
1151 4140 1245 4186 reve·

254 4351 285 4413 3.
308 4373 390 4416 meae
412 4355 507 4433 (meas
521 4353 572 4432 P.)
606 4350 634 4414 4.
656 4352 692 4415 ab
707 4352 743 4414 iis
758 4351 820 4432 (eas
834 4350 885 4430 Ρ.)
921 4350 950 4412 8.
966 4373 1051 4412 τοπον
1064 4351 1182 4433 (renovo
1195 4348 1246 4427 P.)
