3254 5340
917 448 961 514 s:

403 658 424 700 a
438 633 603 717 προβολιιις
621 627 778 708 audebunt,
802 639 900 716 atque
914 623 1070 704 Adamas,
1086 651 1234 714 seponto,
1258 639 1292 692 et
1305 637 1344 691 tu
1357 627 1479 692 iterum

403 771 438 814 es
452 747 669 812 liberaturum
684 766 737 808 me
753 743 794 807 ab
811 757 950 814 απειλιιις
966 740 1116 806 omnibus
1133 739 1240 818 duris:
1264 753 1364 826 atque
1379 745 1480 805 etiam

403 862 551 933 verbum,
576 857 666 945 quod
681 871 737 920 tua
752 861 801 921 vis
819 856 899 920 dixit
917 877 977 944 per
990 854 1169 920 Davidem:
1193 853 1310 930 „sedet
1326 853 1479 918 umbram

402 974 463 1039 tibi
486 974 528 1039 ad
551 985 646 1037 tuum
675 984 798 1056 pectus,
828 984 926 1055 atque
950 968 1093 1034 confides
1117 969 1178 1032 sub
1202 972 1271 1032 eius
1294 967 1385 1044 alis,'‘
1415 969 1479 1032 boc

405 1103 469 1154 est:
493 1114 588 1156 mm
614 1096 711 1170 σοφιω
741 1097 791 1147 est
817 1086 852 1146 in
880 1082 1002 1146 lumine
1034 1083 1189 1170 απορρωας
1217 1081 1363 1156 luminis,
1393 1103 1478 1166 quae
1518 1105 1531 1144 s

406 1205 484 1266 exiit
506 1225 525 1264 a
548 1213 591 1275 te,
615 1212 648 1263 et
669 1198 892 1285 perseveravit
916 1195 1080 1260 confidens
1103 1196 1226 1270 lumini,
1258 1195 1349 1282 quod
1372 1194 1414 1259 ad
1437 1197 1479 1258 si·

405 1318 541 1378 nistram
566 1315 634 1376 eius
657 1325 691 1375 et
713 1309 756 1374 ad
772 1309 921 1374 dextram
944 1313 1022 1387 eius,
1047 1332 1131 1395 quae
1146 1321 1223 1372 sunt
1238 1309 1308 1372 alae
1324 1309 1481 1397 απορῥοιις

404 1427 545 1491 luminis.
589 1425 634 1489 Et
660 1424 812 1500 verbum,
840 1422 931 1510 quod
956 1437 1015 1488 tua
1044 1426 1094 1486 vis
1123 1423 1252 1486 luminis
1280 1433 1481 1508 ιπροφητευσι

405 1563 465 1628 per
487 1538 662 1604 Davidem:
686 1541 826 1615 „veritas
850 1535 1063 1602 circumdabit
1084 1550 1117 1600 te
1141 1539 1224 1600 sient
1246 1537 1369 1613 ὁπλον,”
1391 1533 1481 1600 istud

407 1667 457 1717 est
478 1653 589 1716 lumen
610 1654 766 1741 uetitus:
781 1653 922 1727 luminis,
946 1649 1036 1735 quod
1059 1649 1348 1714 circumdatam
1367 1659 1481 1734 rodum
1507 1673 1530 1712 tt

407 1767 449 1832 ab
473 1769 562 1830 omni
586 1768 653 1831 eius
683 1779 777 1852 parte
801 1767 884 1828 sicut
912 1767 1012 1828 ὁπλον.
1057 1763 1103 1828 Et
1128 1763 1281 1838 verbum,
1309 1763 1400 1848 quod
1422 1777 1482 1826 tua

405 1882 455 1946 vis
472 1880 567 1944 dixit:
583 1903 670 1956 „non
685 1879 812 1943 timebit
826 1891 985 1941 terrorem
1001 1878 1133 1953 noctis,’'
1150 1877 1240 1963 quod
1256 1890 1305 1942 est
1319 1877 1395 1941 hoc:
1411 1902 1482 1941 :rtr-

405 2020 447 2062 τις
465 2006 562 2079 soora
585 1992 674 2056 baud
695 1995 805 2055 timuit
826 2005 967 2056 terrores
992 2003 1025 2054 et
1045 1989 1317 2079 perturbationes,
1340 1994 1375 2055 in
1398 2013 1482 2076 quas

406 2109 612 2170 immiserunt
635 2127 707 2170 eam
730 2109 764 2168 in
788 2105 879 2180 chao,
903 2103 993 2190 quod
1015 2106 1124 2191 ipsum
1149 2119 1199 2168 est
1220 2126 1295 2169 nox.
1340 2103 1386 2168 Et
1405 2125 1481 2168 ver-

295 2212 368 2284 144
406 2220 497 2293 bum,
522 2218 612 2304 quod
633 2231 692 2281 tua
714 2221 764 2282 vis
789 2219 882 2281 dixit:
906 2241 992 2294 „non
1008 2218 1135 2282 timebit
1150 2221 1300 2304 sagittam
1312 2218 1482 2282 volantem
1508 2243 1532 2284 u

405 2331 575 2408 interdiu,”
607 2330 697 2416 quod
728 2344 779 2395 est
805 2330 882 2394 hoc:
914 2355 1008 2400 πιστις
1034 2342 1131 2416 troia
1152 2330 1242 2395 haud
1264 2335 1375 2396 timuit
1403 2335 1481 2408 vim,

409 2469 509 2532 quam
533 2445 664 2517 ιιυθαὸης
685 2448 773 2508 misit
796 2467 836 2508 ex
858 2444 1028 2509 altitudine
1053 2459 1207 2521 extrema,
1231 2467 1314 2531 qnae
1336 2446 1483 2508 venitin

410 2559 507 2622 cbaos
537 2561 677 2622 existens
707 2561 790 2622 sicut
820 2560 938 2644 sagitta
965 2559 1091 2624 volans.
1136 2559 1212 2623 Tua
1237 2561 1287 2623 vis
1311 2561 1409 2644 igitur
1430 2557 1484 2620 lu·

406 2674 502 2736 minis
542 2670 635 2734 dixit:
671 2693 739 2736 non
776 2671 906 2735 timebis
946 2675 1097 2758 sagittam
1131 2673 1298 2737 volentem
1329 2671 1483 2746 interdiu,

407 2798 582 2872 propterea
606 2784 766 2869 quodvis
790 2785 844 2848 illa
868 2788 944 2850 exiit
966 2808 1006 2850 ex
1030 2785 1274 2850 decimotertio
1299 2813 1388 2860 αιωνι,
1411 2787 1482 2870 ipse
1508 2811 1534 2851 n

408 2912 459 2962 est
481 2898 633 2962 dominus
656 2897 829 2962 duodecim
853 2927 968 2975 αιωνων,
997 2912 1096 2984 atque
1118 2902 1180 2962 iste
1204 2912 1254 2962 est
1275 2899 1386 2962 lumen
1410 2925 1483 2962 αιω-

407 3037 452 3076 σιν
468 3012 628 3076 omnibns.
659 3012 799 3100 Propter
814 3012 876 3075 hoo
891 3015 989 3099 igitur
1011 3011 1105 3075 dixit:
1128 3011 1261 3088 „diem”
1283 3011 1392 3097 Atque
1408 3033 1482 3075 ver·

406 3124 487 3190 bum
504 3129 632 3200 iterum,
656 3124 745 3211 quod
761 3139 819 3189 tua
834 3129 884 3190 vis
906 3124 1000 3188 dixit:
1022 3147 1109 3201 „non
1131 3125 1258 3190 tImebit
1280 3147 1351 3189 rem
1366 3124 1482 3189 ambu-

406 3236 530 3304 lantem
553 3241 586 3301 in
610 3239 770 3325 caligine,”
795 3237 885 3323 quod
908 3252 958 3302 est
979 3239 1055 3302 hoc:
1079 3261 1146 3302 non
1168 3240 1278 3303 timuit
1291 3249 1389 3323 σοφιι
1411 3265 1483 3323 xps·

408 3351 501 3429 βολην
525 3373 600 3414 cum
622 3351 704 3414 facie
728 3354 895 3438 serpentis,
919 3375 1003 3436 quae
1027 3351 1127 3416 dabat
1149 3355 1302 3416 timorem
1316 3379 1412 3418 terrm
1430 3379 1482 3416 eo·
1508 3375 1533 3415 a:

410 3473 471 3550 φιφ
493 3467 528 3525 in
552 3464 642 3538 chao,
674 3461 764 3548 quod
786 3467 894 3550 ipsum
918 3477 968 3528 est
990 3465 1102 3551 caligo.
1147 3465 1194 3530 Et
1214 3465 1367 3541 verbum,
1392 3463 1484 3550 quod

408 3587 466 3638 tua
481 3577 530 3637 vis
548 3574 643 3637 dixit:
667 3576 904 3649 „nontimebit
926 3581 1060 3642 exitium
1084 3592 1117 3642 et
1139 3579 1285 3659 ὃωιμονιον
1308 3578 1392 3642 bora
1415 3599 1483 3643 me-

407 3685 527 3760 ridiei‚”
556 3686 647 3773 quod
669 3701 720 3751 est
741 3688 817 3752 boc:
849 3715 944 3760 τιστις
968 3702 1065 3778 cedre
1091 3692 1181 3757 haud
1203 3695 1313 3756 timuit
1334 3691 1484 3778 προβολην

408 3797 598 3887 desperantem
626 3800 788 3879 Adamae‚
815 3831 970 3892 τυραννον,
999 3827 1083 3892 quae
1113 3805 1228 3870 deiecit
1249 3831 1345 3873 πιστιν
1370 3815 1483 3894 cedaar

490 3983 520 4042 2.
543 3984 578 4045 ab
601 3995 731 4046 aarum:
746 3985 793 4061 (ab
810 4007 908 4046 earum
923 3996 1054 4047 rernm:
1069 3988 1117 4064 P.)
1158 3986 1189 4048 5.
1212 4002 1303 4064 σοφια
1317 3999 1362 4048 est
1378 3991 1483 4066 (rodim

407 4081 465 4141 suit
486 4082 535 4158 P.)
578 4082 608 4143 7.
631 4097 662 4144 et
683 4085 717 4144 ad
739 4089 785 4160 (ct
806 4086 883 4166 quod
905 4085 939 4145 ad
961 4087 1008 4161 P.)
1051 4088 1100 4146 10.
1124 4088 1284 4147 circumdat
1305 4089 1484 4163 (circumde-

408 4179 452 4239 dit
467 4181 515 4254 P.)
564 4183 615 4240 21.
635 4185 790 4245 duodecim
817 4211 922 4244 ιειωνων
950 4186 1160 4262 („duodecimi
1182 4188 1315 4258 arurae?
1343 4187 1395 4247 sed
1419 4187 1482 4247 sor-

406 4289 486 4338 tasse
515 4279 674 4362 legendum
702 4284 734 4344 in
763 4296 859 4347 textu:
887 4287 1078 4346 ascensore
1099 4286 1310 4363 „duodecim”
1339 4307 1396 4368 pro
1415 4307 1486 4370 :teg

407 4379 600 4438 ufitcnoore
620 4378 671 4459 Ρ.)
