3240 5328
625 473 692 542 2⁰7

121 654 192 726 ino
213 655 355 722 luminis.
400 651 542 740 Pergene
565 651 671 718 adhuc
693 651 797 718 Maria
819 651 900 720 dixit
921 675 1039 740 rueme:
1065 656 1111 720 mi
1134 653 1194 722 do·

119 773 215 848 mine,
239 773 266 834 si
287 769 389 836 homo
414 769 574 854 acceperit
595 793 746 850 μυστηριιι
765 767 906 843 luminis,
930 790 1014 854 quae
1035 770 1070 832 in
1085 773 1192 856 primo

117 908 280 968 χωρηματι
296 883 398 969 partis
416 882 593 956 exterioris,
617 893 650 944 et
672 902 776 966 quum
797 880 985 946 absolutum
1007 885 1049 946 sit
1063 896 1193 970 tempus

117 1023 292 1080 μυστηριων,
316 1017 401 1082 quae
422 993 631 1082 prehendunt
653 992 696 1058 ad
719 1016 763 1069 se,
787 1007 820 1060 et
843 997 870 1058 si
888 995 988 1059 homo
1005 996 1057 1060 iiie
1073 999 1193 1062 iterum

81 1137 94 1176 a
118 1115 302 1195 iterumque
325 1111 486 1195 acceperit
509 1129 527 1172 e
549 1132 726 1191 μυπημοιι,
750 1129 834 1192 quae
850 1121 926 1172 sunt
945 1111 1030 1174 intra
1045 1137 1194 1190 μυστηρωι

116 1227 248 1290 iamiam
271 1236 413 1311 accepta,
437 1235 537 1308 atque
566 1222 664 1286 etiem
693 1219 808 1286 fecerit
835 1236 981 1300 ιμιλιιιν
1009 1223 1109 1288 homo
1139 1225 1193 1290 ilie

116 1337 207 1401 haud
236 1334 473 1424 προσενξαμινος
506 1337 542 1402 iu
573 1360 727 1424 τροσευχῃ
755 1334 890 1400 tollente
925 1362 1035 1401 xorem
1064 1345 1192 1424 τρυφων,
1243 1327 1275 1396 [a

119 1471 200 1535 quas
224 1449 327 1514 ederit
350 1461 383 1512 et
406 1470 487 1534 quas
511 1446 643 1524 biberit,
673 1459 718 1524 et,
749 1449 774 1510 si
801 1467 861 1533 per
882 1475 991 1514 nexior
1013 1459 1132 1536 τρυφων
1154 1450 1192 1516 li·

118 1577 212 1650 gatus
235 1565 278 1628 sit
299 1560 343 1625 ad
359 1557 452 1650 αξονα.
467 1559 641 1645 aimonis
657 1587 817 1645 αρχοντων,
840 1572 873 1624 et
892 1581 952 1647 per
967 1587 1100 1646 αναγκην
1115 1589 1193 1629 στοι-

66 1704 93 1748 ro
117 1703 208 1761 χιιων
231 1677 413 1763 peccaverit
434 1678 563 1749 iterum,
590 1687 667 1762 post
690 1675 1003 1740 consummationem
1026 1679 1192 1764 temporis,

118 1813 184 1877 quo
208 1814 366 1874 μυστηριον
386 1788 560 1876 prehendit
582 1788 624 1854 ad
647 1811 691 1864 se,
715 1786 805 1874 quod
827 1801 974 1871 ημιλησεν
991 1788 1081 1855 haud
1102 1816 1192 1871 προσ·

117 1902 278 1993 rufianum
306 1905 342 1968 in
371 1929 525 1993 προσευχῃ
562 1902 698 1967 tollente
727 1928 837 1968 namur
865 1900 982 1989 ψυχων
1009 1916 1042 1968 et
1070 1903 1192 1988 καθαρι·

116 2018 207 2108 (ivry
232 2039 303 2094 eas,
327 2028 361 2082 et
382 2017 483 2082 homo
506 2015 560 2082 iile
583 2037 730 2104 egressus
754 2017 797 2080 sit
818 2038 837 2081 e
856 2041 976 2097 σωμωτι
991 2017 1080 2082 haud
1094 2043 1192 2102 μετα-

117 2157 222 2204 naeos
244 2133 380 2206 iterum,
410 2143 449 2194 ut
476 2131 613 2216 accipiat
633 2155 790 2213 μυστηριον
812 2131 931 2196 iterum
959 2133 994 2194 in
1015 2157 1192 2214 μυστηριοις,

63 2273 91 2316 ιι
119 2267 203 2332 quae
226 2258 304 2308 sunt
325 2247 411 2308 intra
432 2269 583 2328 μυστηρια
604 2243 735 2306 iamiam
761 2242 845 2308 dicta
868 2266 888 2308 a
909 2267 977 2320 me,
1001 2267 1085 2331 quae
1109 2249 1190 2312 acei-

116 2361 237 2446 pientia
263 2361 385 2422 iterum
410 2383 571 2440 μιτανωιν
601 2359 769 2421 remittent
795 2371 941 2444 peccata,
977 2373 1023 2436 et,
1059 2382 1189 2446 egresso
1229 2354 1300 2426 331

116 2495 154 2538 eo
179 2495 196 2537 e
219 2499 357 2554 σωματι,
380 2473 407 2535 si
429 2473 618 2536 noverimus
642 2483 808 2546 accurate,
832 2493 908 2534 eum
931 2470 1097 2536 sublatum
1121 2495 1191 2538 esse

105 2589 148 2650 ,in
177 2586 322 2652 medium
353 2583 499 2668 δρωκοντα
530 2584 673 2672 caliginis
701 2597 852 2650 externae
882 2599 1018 2674 propter
1048 2599 1191 2673 peccata,

117 2720 201 2784 quae
223 2699 351 2775 feeerit,
381 2712 414 2764 et
441 2701 467 2762 si
496 2699 620 2762 homini
651 2697 787 2763 illinon
815 2713 866 2764 est
887 2701 990 2777 βοηθος
1018 2703 1051 2764 in
1075 2727 1190 2788 κοσμῳ,

61 2839 89 2882 aa
117 2811 184 2878 ουδε
216 2815 398 2879 misericors
434 2811 476 2876 ad
511 2810 698 2876 faciendum
727 2837 884 2894 μυστηριον
918 2811 1108 2888 ineffabilis,
1140 2812 1192 2886 ἕως

114 2947 222 3010 usque
251 2924 332 2990 dum
361 2924 559 2990 transierant
588 2946 665 2990 eum
695 2945 713 2989 e
743 2923 851 2988 medio
883 2925 1016 3004 ciperem
1048 2926 1190 3012 caliginis

116 3051 279 3115 externae,
302 3052 340 3102 ut
363 3038 484 3104 durant
507 3040 639 3103 eumin
661 3060 800 3126 regnum
814 3038 1004 3116 luminie-
1023 3059 1109 3104 nune
1133 3041 1190 3125 igi-

89 3165 171 3218 ·tur
194 3179 252 3228 ουν,
275 3155 319 3216 mi
339 3153 479 3230 domine,
503 3152 582 3239 quid
606 3151 711 3229 faciet,
734 3175 839 3240 usque
864 3152 944 3218 dum
966 3165 1114 3218 servatus
1138 3151 1191 3218 fu·

115 3267 178 3332 erit
199 3290 220 3332 a
241 3281 386 3334 κολασεσι
406 3268 557 3348 &eunome
580 3267 722 3355 caliginis
746 3267 920 3332 externae?
965 3266 1190 3354 Nequaquam,

57 3409 87 3450 ru
117 3378 263 3460 domine,
294 3381 454 3468 posthabe
478 3403 569 3458 eum,
596 3395 772 3468 propterea
795 3379 885 3466 quod
913 3384 1036 3467 accepit
1060 3380 1189 3446 dolore·

112 3495 148 3558 in
171 3494 325 3581 διωγμοις,
349 3510 382 3562 et
403 3499 437 3562 in
461 3509 531 3564 toto
557 3495 667 3562 divino
692 3497 840 3572 numine,
862 3497 897 3558 in
921 3517 986 3582 quo
1011 3508 1073 3574 est3
1103 3516 1190 3560 nune

111 3609 211 3695 igitur
241 3639 298 3690 our,
328 3637 428 3694 σωτιρ,
458 3613 612 3678 miserere
639 3613 720 3687 mei,
749 3635 856 3694 μηπως
884 3633 970 3676 unus
1000 3623 1191 3676 nostrorum

112 3747 277 3805 τυγγινιων
301 3727 344 3790 sit
364 3729 399 3790 in
421 3725 484 3788 hoo
510 3725 734 3792 huiuscemodi
763 3753 863 3811 τυπῳ,
893 3739 927 3790 et
949 3729 1103 3792 miserere
1124 3722 1190 3806 ψυ-

111 3855 180 3912 xor
204 3838 361 3906 omnium,
385 3857 470 3919 quae
493 3851 590 3902 eruut
611 3841 645 3902 iu
666 3839 729 3902 hoc
751 3863 846 3920 τυπῳ,
869 3858 948 3900 nam
971 3848 1008 3898 tu
1032 3855 1065 3897 er
1090 3833 1189 3896 clavia

53 3972 84 4014 a
114 3944 264 4031 aperiens
286 3944 411 4008 homini
435 3947 524 4008 omni
547 3961 580 4010 et
603 3945 755 4012 claudens
784 3945 950 4010 hominem
981 3966 1127 4020 omnem,
1158 3956 1192 4008 et

111 4070 208 4124 tuum
230 4082 389 4144 μυπηριον
410 4057 583 4145 prehendit
609 4081 665 4125 eos
695 4079 825 4137 omnem
859 4057 926 4136 sao,
955 4057 1101 4136 domine,
1128 4060 1189 4124 mi·

195 4297 226 4360 5.
254 4321 270 4362 e
298 4321 458 4387 μυπηριοις
484 4299 675 4388 (itemquae
701 4323 861 4387 μυστηριοις
888 4301 935 4380 Ρ.)
998 4299 1048 4364 15.
1075 4301 1189 4364 iamiam

110 4399 191 4464 dieta
211 4421 260 4466 me
281 4400 412 4482 (iamiam
432 4411 560 4482 recepti.
592 4401 630 4464 ei
651 4421 740 4482 rupea
761 4400 782 4464 i.
799 4400 828 4462 6.
856 4400 903 4482 P.)
