3254 5340
324 661 399 738 225
438 695 552 740 omnes
574 697 658 738 atara
675 667 776 760 ταξιις
798 693 923 738 eorum.
959 671 1050 737 Haec
1072 673 1172 760 igitur
1195 673 1307 736 omnia
1329 669 1436 736 dicam
1453 695 1514 738 ro·

437 789 488 854 bis
511 791 544 852 in
568 789 773 852 emanatione
795 789 948 852 universi.
978 783 1083 875 Ἀπαξ
1106 790 1217 856 cinnor·
1236 785 1303 850 dixi
1324 784 1420 850 vobis
1445 809 1513 852 om·

438 908 501 979 nia,
526 925 609 990 quae
633 915 730 966 erunt
752 913 786 966 et
801 923 884 986 quae
907 903 1053 976 venient,
1076 901 1155 965 haec
1181 923 1264 987 quae
1288 902 1514 980 anternacum

440 1033 473 1084 et
496 1039 580 1103 quae
603 1016 758 1100 προηλθον,
792 1029 825 1079 et
848 1037 931 1102 quae
956 1007 1048 1079 extra
1072 1037 1109 1080 ea
1141 1027 1175 1079 et
1198 1037 1283 1102 quae
1309 1015 1460 1102 plantata
1483 1020 1515 1080 in

438 1136 492 1209 iis,
514 1134 593 1196 hacc
618 1152 702 1216 quae
725 1155 854 1211 χωοησει
876 1132 911 1193 in
936 1129 1046 1192 locum
1070 1132 1165 1216 primi
1187 1155 1350 1213 μυπκρισυ
1374 1143 1408 1193 et
1431 1153 1514 1216 quae
1546 1153 1556 1191 ι

438 1251 473 1312 in
501 1271 662 1328 χωρηματι
693 1242 877 1308 lneffabilis.
933 1243 1023 1308 Haec
1058 1243 1163 1307 dicam
1194 1241 1306 1319 vobis,
1337 1257 1514 1332 propterea

440 1361 530 1450 quod
552 1356 705 1424 revelabo
729 1357 823 1421 vobis
847 1379 900 1433 ea,
936 1370 969 1422 et
993 1357 1098 1422 dicam
1127 1379 1165 1422 ea
1187 1356 1282 1421 vobis
1306 1385 1388 1421 aare
1409 1383 1514 1428 aaroni

440 1490 473 1541 et
495 1501 576 1542 nara
596 1469 694 1562 ταξεις
716 1475 749 1535 in
773 1474 979 1536 emanatione
1001 1474 1158 1548 universi,
1187 1485 1219 1536 et
1241 1470 1395 1536 revelabo
1419 1470 1514 1536 vobis

439 1614 499 1656 sua
521 1614 672 1670 μυστηρια
694 1588 813 1661 omnia,
838 1607 921 1671 quac
943 1588 1108 1674 pertinent
1130 1586 1172 1650 ad
1196 1609 1234 1650 ca
1256 1589 1365 1650 omnia
1381 1609 1515 1651 eorum·

439 1727 503 1792 que
526 1725 810 1786 προτριπνευματους
833 1722 1013 1786 eorumque
1040 1705 1362 1782 ὑπερτριπνευματους,
1390 1700 1427 1764 hi
1458 1705 1515 1788 qui
1540 1723 1558 1762 n

438 1821 604 1908 pertinent
626 1817 668 1882 ad
691 1839 805 1881 eorum
828 1841 977 1898 μυστηριω
1001 1837 1181 1901 eorumque
1197 1813 1314 1902 regem
1340 1815 1436 1879 Nunc
1458 1818 1517 1902 igi·

439 1947 495 1998 tur
524 1961 571 2000 ουν
591 1957 747 2012 nominor
776 1929 950 1992 lneiiabilis
983 1933 1163 2015 cognoscit,
1202 1943 1405 2017 quapropter
1435 1929 1517 1994 haec
1611 1938 1612 2002 I

403 2085 406 2093 ·
439 2051 548 2114 omnia
572 2046 658 2111 sacta
682 2049 747 2110 sint
768 2044 817 2108 his
841 2067 925 2130 quae
948 2043 1027 2120 dixi,
1056 2057 1089 2107 et
1110 2046 1145 2108 in
1167 2047 1316 2131 παρῥησιφ
1338 2045 1419 2108 haec
1443 2067 1516 2108 om·

437 2165 493 2226 nia
516 2162 602 2225 facta
625 2173 702 2224 sunt
723 2172 859 2247 propter
881 2157 978 2222 istud.
1023 2157 1132 2244 Atque
1159 2158 1248 2223 istud
1277 2171 1327 2222 est
1353 2185 1516 2241 μυστηριω

438 2274 528 2362 quod
551 2277 584 2336 in
607 2274 655 2336 his
680 2272 841 2347 omnibus,
866 2285 898 2335 ct
920 2270 1009 2335 istud
1033 2285 1082 2336 eat
1097 2275 1202 2336 exitus
1222 2289 1336 2336 eorum
1354 2275 1516 2350 omnium,
1541 2297 1559 2336 n

438 2403 470 2454 et
493 2386 580 2452 istud
604 2401 654 2452 cst
677 2389 800 2450 evectio
825 2408 940 2449 eorum
964 2389 1126 2463 omnium,
1153 2400 1185 2450 et
1208 2387 1296 2451 istud
1320 2401 1370 2452 cst
1392 2391 1517 2452 consti-

437 2507 521 2568 tutio
553 2525 668 2567 eorum
696 2504 858 2576 omnium,
890 2513 923 2566 et
952 2527 1109 2580 μυστηριον
1139 2499 1314 2565 ineffabilis
1345 2501 1436 2566 istud
1468 2517 1520 2568 est

436 2629 623 2704 nuncapium
645 2614 736 2702 quod
758 2618 791 2678 in
813 2614 862 2678 hia
888 2613 1055 2691 omnibus,
1088 2633 1172 2701 quae
1196 2615 1262 2679 dixi
1284 2616 1387 2692 vobis,
1414 2630 1519 2704 atque

438 2734 535 2796 etiam
561 2753 644 2816 quae
670 2729 773 2793 dicam
790 2728 884 2793 vobis
909 2732 942 2792 in
966 2733 1170 2794 emanatione
1187 2733 1343 2807 universi3
1368 2745 1402 2795 et
1425 2731 1518 2796 istud

437 2859 487 2910 est
508 2872 674 2929 μυστηρων,
698 2843 787 2931 quod
810 2847 845 2907 in
867 2843 916 2908 his
940 2844 1106 2921 omnibus,
1131 2844 1272 2909 et‘istud
1289 2859 1339 2910 est
1354 2873 1517 2929 μυστηριον
1540 2869 1562 2909 ⁵

322 2950 396 3023 226
435 2984 541 3025 unum
562 2959 737 3024 Ineffabilis
761 2973 794 3023 et
817 2960 958 3045 cognitio
986 2959 1106 3022 horum
1135 2963 1297 3036 omnium,
1333 2982 1419 3045 quae
1448 2960 1518 3024 dixi

434 3075 528 3141 vobis
561 3089 594 3140 et
623 3096 706 3162 quae
738 3073 844 3137 dicam
873 3071 985 3150 vobis3
1017 3087 1049 3137 et
1081 3095 1164 3159 quae
1193 3073 1283 3138 haud
1313 3074 1378 3138 dixi
1407 3075 1517 3151 vobis,

435 3190 515 3254 haec
540 3188 644 3253 dicam
667 3187 760 3252 vobis
785 3190 894 3252 omnia
916 3190 950 3250 in
967 3190 1172 3252 emanatione
1188 3190 1330 3253 universi
1346 3202 1517 3254 eteorum

436 3307 654 3392 cognitionem
678 3323 808 3366 omnem
833 3303 924 3365 iuxta
952 3325 985 3367 se
1013 3303 1166 3378 invicem,
1198 3317 1399 3391 quapropter
1425 3303 1517 3368 iacta

369 3414 379 3429 ’
436 3421 509 3482 sint.
554 3416 645 3481 Istud
669 3430 719 3481 cst
740 3416 880 3480 verbum
903 3419 1035 3506 nnicum
1057 3416 1242 3493 Incffabilis,
1266 3432 1299 3482 et
1321 3417 1428 3482 dicam
1450 3443 1515 3484 vo·
1538 3439 1560 3477 a

434 3527 484 3593 bis
510 3534 748 3594 emanationem
772 3553 908 3594 suorum
930 3559 1096 3616 μυστηριων
1119 3536 1267 3596 omnium
1287 3546 1385 3619 atque
1402 3559 1516 3602 τυπευς

434 3643 689 3728 uniuscuiusque
720 3665 835 3707 eorum
864 3657 897 3707 et
925 3645 1063 3710 modum
1090 3645 1364 3733 perficiendorum
1394 3669 1514 3712 eorum

432 3757 467 3820 in
491 3758 556 3820 suis
578 3783 738 3838 σχημωσιν
754 3757 915 3836 omnibus,
940 3773 971 3823 et
995 3760 1101 3824 dicam
1122 3761 1217 3825 vobis
1240 3788 1396 3843 μυστηριον
1414 3765 1514 3826 nnius

433 3870 642 3957 eiusdemque
665 3871 840 3938 ineffabilis
865 3877 998 3960 eiusque
1016 3901 1131 3944 ,warne
1147 3897 1260 3940 omnes
1277 3878 1413 3962 eiusque
1429 3903 1513 3958 σχη·

432 4013 523 4073 ματα
547 3989 656 4052 omnia
680 4001 779 4076 atque
803 3991 871 4053 eius
902 4015 1065 4074 οικονομιων
1089 4011 1235 4066 ornnem,
1272 4013 1372 4076 quam
1402 3994 1512 4079 ipsam
1534 4008 1556 4048 ³

435 4100 477 4166 ob
502 4124 635 4168 causam
657 4102 796 4189 προηλθεν
819 4125 860 4168 ex
882 4102 997 4167 ultimo
1021 4116 1108 4188 μιλει
1123 4102 1308 4182 ineffabilis,
1331 4119 1511 4193 propterea

515 4244 545 4304 4.
567 4259 598 4308 et
620 4269 694 4328 quae
716 4248 793 4330 [bis]
816 4252 919 4330 (atque
939 4251 1028 4311 etiam
1050 4271 1124 4331 quae
1146 4251 1196 4328 P.)
1248 4249 1277 4310 5.
1300 4263 1331 4312 et
1352 4273 1429 4332 quae
1450 4257 1511 4329 (at-

431 4365 491 4424 que
512 4346 600 4407 etiam
622 4369 697 4427 quae
718 4349 764 4425 P.)
805 4349 855 4410 22.
878 4362 909 4412 et
931 4373 1004 4432 quae
1026 4351 1119 4411 dicam
1141 4354 1244 4432 (atque
1265 4351 1353 4413 etiam
1373 4373 1450 4434 quae
1463 4353 1511 4413 di-

431 4465 492 4508 cam
514 4447 561 4526 P.)
613 4449 664 4508 30.
683 4445 775 4530 ¹atque
797 4450 872 4531 (add.
895 4451 1036 4530 „ctiam”
1058 4452 1106 4529 P.)
