<?xml version="1.0" encoding="UTF-8"?>
<!DOCTYPE html PUBLIC "-//W3C//DTD XHTML 1.0 Transitional//EN"
    "http://www.w3.org/TR/xhtml1/DTD/xhtml1-transitional.dtd">
<html xmlns="http://www.w3.org/1999/xhtml" xml:lang="en" lang="en">
 <head>
  <title>
</title>
<meta http-equiv="Content-Type" content="text/html;charset=utf-8" />
  <meta name='ocr-system' content='tesseract 3.04.00' />
  <meta name='ocr-capabilities' content='ocr_page ocr_carea ocr_par ocr_line ocrx_word'/>
</head>
<body>
  <div class='ocr_page' id='page_1' title='image "./pistissophiaopu00petegoog_0659.png"; bbox 0 0 3240 5328; ppageno 0'>
   <div class='ocr_carea' id='block_1_1' title="bbox 958 475 1024 544">
    <p class='ocr_par' dir='ltr' id='par_1_1' title="bbox 958 475 1024 544">
     <span class='ocr_line' id='line_1_1' title="bbox 958 475 1024 544; baseline -0.015 -2"><span class='ocrx_word' id='word_1_1' title='bbox 958 475 1024 544; x_wconf 73' lang='lat'><strong>228</strong></span> 
     </span>
    </p>
   </div>
   <div class='ocr_carea' id='block_1_2' title="bbox 119 629 1556 4256">
    <p class='ocr_par' dir='ltr' id='par_1_2' title="bbox 119 629 1556 4256">
     <span class='ocr_line' id='line_1_2' title="bbox 456 629 1556 743; baseline -0.025 -6"><span class='ocrx_word' id='word_1_2' title='bbox 456 674 544 736; x_wconf 71' lang='lat' dir='ltr'><strong>dant</strong></span> <span class='ocrx_word' id='word_1_3' title='bbox 572 687 626 732; x_wconf 85' lang='lat' dir='ltr'><strong>eas</strong></span> <span class='ocrx_word' id='word_1_4' title='bbox 656 682 716 729; x_wconf 88' lang='lat' dir='ltr'><strong>suo</strong></span> <span class='ocrx_word' id='word_1_5' title='bbox 745 657 837 724; x_wconf 78' lang='lat' dir='ltr'><strong>fumo</strong></span> <span class='ocrx_word' id='word_1_6' title='bbox 866 653 1009 743; x_wconf 82' lang='lat' dir='ltr'><strong>caliginis</strong></span> <span class='ocrx_word' id='word_1_7' title='bbox 1039 664 1073 718; x_wconf 89' lang='lat' dir='ltr'><strong>et</strong></span> <span class='ocrx_word' id='word_1_8' title='bbox 1104 653 1171 716; x_wconf 87' lang='lat' dir='ltr'><strong>suis</strong></span> <span class='ocrx_word' id='word_1_9' title='bbox 1200 660 1349 716; x_wconf 65' lang='lat' dir='ltr'><strong>temero</strong></span> <span class='ocrx_word' id='word_1_10' title='bbox 1371 669 1483 732; x_wconf 70' lang='lat' dir='ltr'><strong>resapere.</strong></span> <span class='ocrx_word' id='word_1_11' title='bbox 1555 629 1556 710; x_wconf 69' lang='lat' dir='ltr'><strong>i</strong></span> 
     </span>
     <span class='ocr_line' id='line_1_3' title="bbox 341 727 1556 860; baseline -0.031 -1"><span class='ocrx_word' id='word_1_12' title='bbox 341 785 416 860; x_wconf 87' lang='grc'><strong>365</strong></span> <span class='ocrx_word' id='word_1_13' title='bbox 454 784 546 850; x_wconf 81' lang='lat' dir='ltr'><strong>Dixit</strong></span> <span class='ocrx_word' id='word_1_14' title='bbox 567 778 741 845; x_wconf 83' lang='lat' dir='ltr'>Maribam:</span> <span class='ocrx_word' id='word_1_15' title='bbox 764 795 832 837; x_wconf 87' lang='lat' dir='ltr'><strong>non</strong></span> <span class='ocrx_word' id='word_1_16' title='bbox 855 794 1031 857; x_wconf 70' lang='grc' dir='ltr'><strong>ιγκεκησω,</strong></span> <span class='ocrx_word' id='word_1_17' title='bbox 1061 777 1290 852; x_wconf 69' lang='lat' dir='ltr'><strong>quaererem,</strong></span> <span class='ocrx_word' id='word_1_18' title='bbox 1315 783 1352 826; x_wconf 89' lang='lat' dir='ltr'><strong>ne</strong></span> <span class='ocrx_word' id='word_1_19' title='bbox 1377 763 1483 824; x_wconf 81' lang='lat' dir='ltr'><strong>irascere</strong></span> <span class='ocrx_word' id='word_1_20' title='bbox 1555 727 1556 792; x_wconf 59' lang='lat' dir='ltr'><strong>i</strong></span> 
     </span>
     <span class='ocr_line' id='line_1_4' title="bbox 456 869 1484 978; baseline -0.028 -16"><span class='ocrx_word' id='word_1_21' title='bbox 456 896 549 970; x_wconf 90' lang='lat' dir='ltr'><strong>mihi,</strong></span> <span class='ocrx_word' id='word_1_22' title='bbox 579 889 761 978; x_wconf 84' lang='lat' dir='ltr'><strong>exploranti</strong></span> <span class='ocrx_word' id='word_1_23' title='bbox 783 906 835 951; x_wconf 89' lang='lat' dir='ltr'><strong>res</strong></span> <span class='ocrx_word' id='word_1_24' title='bbox 860 904 983 950; x_wconf 86' lang='lat' dir='ltr'><strong>omnes.</strong></span> <span class='ocrx_word' id='word_1_25' title='bbox 1027 880 1120 944; x_wconf 89' lang='lat' dir='ltr'><strong>Dixit</strong></span> <span class='ocrx_word' id='word_1_26' title='bbox 1140 877 1244 943; x_wconf 88' lang='lat' dir='ltr'><strong>lesus:</strong></span> <span class='ocrx_word' id='word_1_27' title='bbox 1272 895 1393 962; x_wconf 85' lang='lat' dir='ltr'><strong>quaere,</strong></span> <span class='ocrx_word' id='word_1_28' title='bbox 1418 869 1484 956; x_wconf 83' lang='lat' dir='ltr'><strong>quod</strong></span> 
     </span>
     <span class='ocr_line' id='line_1_5' title="bbox 456 983 1484 1077; baseline -0.03 0"><span class='ocrx_word' id='word_1_29' title='bbox 456 1013 517 1077; x_wconf 83' lang='lat' dir='ltr'><strong>vis.</strong></span> <span class='ocrx_word' id='word_1_30' title='bbox 561 1007 653 1071; x_wconf 79' lang='lat' dir='ltr'><strong>Dixit</strong></span> <span class='ocrx_word' id='word_1_31' title='bbox 673 1000 847 1070; x_wconf 81' lang='lat' dir='ltr'><strong>Maribam:</strong></span> <span class='ocrx_word' id='word_1_32' title='bbox 871 1000 916 1062; x_wconf 94' lang='lat' dir='ltr'><strong>mi</strong></span> <span class='ocrx_word' id='word_1_33' title='bbox 940 995 1081 1070; x_wconf 85' lang='lat' dir='ltr'><strong>domine,</strong></span> <span class='ocrx_word' id='word_1_34' title='bbox 1103 991 1214 1056; x_wconf 86' lang='lat' dir='ltr'><strong>revela</strong></span> <span class='ocrx_word' id='word_1_35' title='bbox 1234 989 1334 1064; x_wconf 88' lang='lat' dir='ltr'><strong>nobis,</strong></span> <span class='ocrx_word' id='word_1_36' title='bbox 1354 983 1484 1072; x_wconf 86' lang='lat' dir='ltr'><strong>quomodo</strong></span> 
     </span>
     <span class='ocr_line' id='line_1_6' title="bbox 458 1104 1516 1204; baseline -0.026 -16"><span class='ocrx_word' id='word_1_37' title='bbox 458 1121 610 1189; x_wconf 80' lang='lat' dir='ltr'><strong>auferant</strong></span> <span class='ocrx_word' id='word_1_38' title='bbox 631 1115 748 1204; x_wconf 65' lang='grc' dir='ltr'><em>ψυχας</em></span> <span class='ocrx_word' id='word_1_39' title='bbox 767 1123 958 1199; x_wconf 67' lang='lat' dir='ltr'><strong>cooperatae,</strong></span> <span class='ocrx_word' id='word_1_40' title='bbox 980 1121 1020 1171; x_wconf 89' lang='lat' dir='ltr'><strong>ut</strong></span> <span class='ocrx_word' id='word_1_41' title='bbox 1040 1109 1105 1171; x_wconf 90' lang='lat' dir='ltr'><strong>mei</strong></span> <span class='ocrx_word' id='word_1_42' title='bbox 1128 1104 1245 1170; x_wconf 77' lang='lat' dir='ltr'><strong>iratres</strong></span> <span class='ocrx_word' id='word_1_43' title='bbox 1268 1121 1389 1191; x_wconf 87' lang='lat' dir='ltr'><strong>quoque</strong></span> <span class='ocrx_word' id='word_1_44' title='bbox 1408 1123 1485 1172; x_wconf 72' lang='lat' dir='ltr'><strong>coacce-</strong></span> <span class='ocrx_word' id='word_1_45' title='bbox 1509 1118 1516 1155; x_wconf 80' lang='grc' dir='ltr'><strong>ι</strong></span> 
     </span>
     <span class='ocr_line' id='line_1_7' title="bbox 459 1208 1488 1307; baseline -0.028 -6"><span class='ocrx_word' id='word_1_46' title='bbox 459 1261 503 1302; x_wconf 75' lang='grc' dir='ltr'><strong>ειν</strong></span> <span class='ocrx_word' id='word_1_47' title='bbox 532 1255 595 1298; x_wconf 88' lang='lat' dir='ltr'><strong>eas.</strong></span> <span class='ocrx_word' id='word_1_48' title='bbox 640 1228 772 1295; x_wconf 80' lang='lat' dir='ltr'><strong>Effatus</strong></span> <span class='ocrx_word' id='word_1_49' title='bbox 803 1238 853 1290; x_wconf 88' lang='lat' dir='ltr'><strong>est</strong></span> <span class='ocrx_word' id='word_1_50' title='bbox 879 1223 986 1298; x_wconf 89' lang='lat' dir='ltr'><strong>lesus,</strong></span> <span class='ocrx_word' id='word_1_51' title='bbox 1015 1219 1105 1307; x_wconf 91' lang='lat' dir='ltr'><strong>quod</strong></span> <span class='ocrx_word' id='word_1_52' title='bbox 1138 1215 1316 1301; x_wconf 70' lang='grc' dir='ltr'><strong>εβερενενθω</strong></span> <span class='ocrx_word' id='word_1_53' title='bbox 1344 1225 1399 1289; x_wconf 84' lang='grc' dir='ltr'><strong>εει,</strong></span> <span class='ocrx_word' id='word_1_54' title='bbox 1423 1208 1488 1297; x_wconf 89' lang='lat' dir='ltr'><strong>quod</strong></span> 
     </span>
     <span class='ocr_line' id='line_1_8' title="bbox 458 1330 1490 1432; baseline -0.02 -18"><span class='ocrx_word' id='word_1_55' title='bbox 458 1344 554 1420; x_wconf 72' lang='grc' dir='ltr'><strong>επειδη</strong></span> <span class='ocrx_word' id='word_1_56' title='bbox 576 1357 671 1432; x_wconf 87' lang='lat' dir='ltr'><strong>pater</strong></span> <span class='ocrx_word' id='word_1_57' title='bbox 693 1342 759 1404; x_wconf 90' lang='lat' dir='ltr'><strong>mei</strong></span> <span class='ocrx_word' id='word_1_58' title='bbox 779 1339 893 1427; x_wconf 88' lang='lat' dir='ltr'><strong>patris,</strong></span> <span class='ocrx_word' id='word_1_59' title='bbox 917 1339 973 1422; x_wconf 88' lang='lat' dir='ltr'><strong>qui</strong></span> <span class='ocrx_word' id='word_1_60' title='bbox 995 1335 1047 1400; x_wconf 92' lang='lat' dir='ltr'><strong>hie</strong></span> <span class='ocrx_word' id='word_1_61' title='bbox 1070 1346 1120 1400; x_wconf 87' lang='lat' dir='ltr'><strong>est</strong></span> <span class='ocrx_word' id='word_1_62' title='bbox 1141 1330 1207 1407; x_wconf 76' lang='lat' dir='ltr'><strong>len,</strong></span> <span class='ocrx_word' id='word_1_63' title='bbox 1230 1333 1291 1395; x_wconf 79' lang='lat' dir='ltr'><strong>iste</strong></span> <span class='ocrx_word' id='word_1_64' title='bbox 1313 1341 1490 1410; x_wconf 66' lang='lat' dir='ltr'><strong>estepanis</strong></span> 
     </span>
     <span class='ocr_line' id='line_1_9' title="bbox 458 1437 1491 1548; baseline -0.027 -22"><span class='ocrx_word' id='word_1_65' title='bbox 458 1483 609 1548; x_wconf 69' lang='grc' dir='ltr'><strong>ερχεντων</strong></span> <span class='ocrx_word' id='word_1_66' title='bbox 638 1456 787 1519; x_wconf 89' lang='lat' dir='ltr'><strong>omnium</strong></span> <span class='ocrx_word' id='word_1_67' title='bbox 817 1464 849 1517; x_wconf 91' lang='lat' dir='ltr'><strong>et</strong></span> <span class='ocrx_word' id='word_1_68' title='bbox 880 1449 1019 1515; x_wconf 90' lang='lat' dir='ltr'><strong>deorum</strong></span> <span class='ocrx_word' id='word_1_69' title='bbox 1049 1461 1083 1512; x_wconf 88' lang='lat' dir='ltr'><strong>et</strong></span> <span class='ocrx_word' id='word_1_70' title='bbox 1111 1444 1279 1528; x_wconf 66' lang='grc' dir='ltr'><strong>ὼναμεων,</strong></span> <span class='ocrx_word' id='word_1_71' title='bbox 1312 1463 1387 1528; x_wconf 88' lang='lat' dir='ltr'><strong>quae</strong></span> <span class='ocrx_word' id='word_1_72' title='bbox 1413 1437 1491 1503; x_wconf 86' lang='lat' dir='ltr'><strong>laetae</strong></span> 
     </span>
     <span class='ocr_line' id='line_1_10' title="bbox 459 1550 1492 1658; baseline -0.026 -19"><span class='ocrx_word' id='word_1_73' title='bbox 459 1585 537 1639; x_wconf 86' lang='lat' dir='ltr'><strong>sunt</strong></span> <span class='ocrx_word' id='word_1_74' title='bbox 562 1574 597 1635; x_wconf 89' lang='lat' dir='ltr'><strong>iu</strong></span> <span class='ocrx_word' id='word_1_75' title='bbox 622 1570 682 1658; x_wconf 68' lang='grc' dir='ltr'><strong>ὕλῃ</strong></span> <span class='ocrx_word' id='word_1_76' title='bbox 711 1566 842 1630; x_wconf 87' lang='lat' dir='ltr'><strong>luminis</strong></span> <span class='ocrx_word' id='word_1_77' title='bbox 873 1562 1019 1646; x_wconf 65' lang='grc' dir='ltr'><strong>θησαυρευ</strong></span> <span class='ocrx_word' id='word_1_78' title='bbox 1050 1573 1083 1626; x_wconf 85' lang='lat' dir='ltr'><strong>et</strong></span> <span class='ocrx_word' id='word_1_79' title='bbox 1112 1557 1291 1646; x_wconf 76' lang='lat' dir='ltr'><strong>Zepcaoiopo</strong></span> <span class='ocrx_word' id='word_1_80' title='bbox 1312 1550 1492 1622; x_wconf 79' lang='lat' dir='ltr'><strong>Melchisedec</strong></span> 
     </span>
     <span class='ocr_line' id='line_1_11' title="bbox 457 1674 1522 1771; baseline -0.023 -20"><span class='ocrx_word' id='word_1_81' title='bbox 457 1690 519 1752; x_wconf 90' lang='lat' dir='ltr'><strong>iste</strong></span> <span class='ocrx_word' id='word_1_82' title='bbox 544 1703 675 1771; x_wconf 89' lang='lat' dir='ltr'><strong>quoque</strong></span> <span class='ocrx_word' id='word_1_83' title='bbox 699 1692 750 1744; x_wconf 92' lang='lat' dir='ltr'><strong>est</strong></span> <span class='ocrx_word' id='word_1_84' title='bbox 772 1677 950 1763; x_wconf 74' lang='grc' dir='ltr'><strong>πρεσβευτης</strong></span> <span class='ocrx_word' id='word_1_85' title='bbox 972 1675 1135 1739; x_wconf 87' lang='lat' dir='ltr'><strong>lurninum</strong></span> <span class='ocrx_word' id='word_1_86' title='bbox 1158 1674 1319 1747; x_wconf 88' lang='lat' dir='ltr'><strong>omnium,</strong></span> <span class='ocrx_word' id='word_1_87' title='bbox 1343 1687 1417 1754; x_wconf 89' lang='lat' dir='ltr'><strong>quae</strong></span> <span class='ocrx_word' id='word_1_88' title='bbox 1434 1685 1493 1752; x_wconf 86' lang='lat' dir='ltr'><strong>pur·</strong></span> <span class='ocrx_word' id='word_1_89' title='bbox 1509 1681 1522 1722; x_wconf 82' lang='lat' dir='ltr'><strong>e</strong></span> 
     </span>
     <span class='ocr_line' id='line_1_12' title="bbox 460 1775 1495 1888; baseline -0.024 -25"><span class='ocrx_word' id='word_1_90' title='bbox 460 1811 539 1888; x_wconf 81' lang='lat' dir='ltr'><strong>gant</strong></span> <span class='ocrx_word' id='word_1_91' title='bbox 560 1800 594 1860; x_wconf 90' lang='lat' dir='ltr'><strong>in</strong></span> <span class='ocrx_word' id='word_1_92' title='bbox 617 1819 771 1880; x_wconf 72' lang='grc' dir='ltr'><strong>ερχευσιν,</strong></span> <span class='ocrx_word' id='word_1_93' title='bbox 793 1789 1003 1856; x_wconf 88' lang='lat' dir='ltr'><strong>introducens</strong></span> <span class='ocrx_word' id='word_1_94' title='bbox 1027 1810 1081 1852; x_wconf 90' lang='lat' dir='ltr'><strong>eas</strong></span> <span class='ocrx_word' id='word_1_95' title='bbox 1103 1789 1138 1851; x_wconf 92' lang='lat' dir='ltr'><strong>in</strong></span> <span class='ocrx_word' id='word_1_96' title='bbox 1161 1785 1302 1869; x_wconf 71' lang='grc' dir='ltr'><strong>θηεευρεν</strong></span> <span class='ocrx_word' id='word_1_97' title='bbox 1322 1781 1449 1852; x_wconf 83' lang='lat' dir='ltr'><strong>luminis,</strong></span> <span class='ocrx_word' id='word_1_98' title='bbox 1471 1775 1495 1838; x_wconf 91' lang='lat' dir='ltr'><strong>hi</strong></span> 
     </span>
     <span class='ocr_line' id='line_1_13' title="bbox 460 1894 1497 1992; baseline -0.027 -14"><span class='ocrx_word' id='word_1_99' title='bbox 460 1913 527 1979; x_wconf 91' lang='lat' dir='ltr'><strong>duo</strong></span> <span class='ocrx_word' id='word_1_100' title='bbox 552 1909 612 1976; x_wconf 93' lang='lat' dir='ltr'><strong>soli</strong></span> <span class='ocrx_word' id='word_1_101' title='bbox 636 1920 713 1972; x_wconf 85' lang='lat' dir='ltr'><strong>sunt</strong></span> <span class='ocrx_word' id='word_1_102' title='bbox 734 1927 853 1992; x_wconf 81' lang='lat' dir='ltr'><strong>magna</strong></span> <span class='ocrx_word' id='word_1_103' title='bbox 875 1905 1008 1978; x_wconf 91' lang='lat' dir='ltr'><strong>lumina,</strong></span> <span class='ocrx_word' id='word_1_104' title='bbox 1033 1921 1176 1989; x_wconf 90' lang='lat' dir='ltr'><strong>quorum</strong></span> <span class='ocrx_word' id='word_1_105' title='bbox 1198 1896 1284 1986; x_wconf 74' lang='grc' dir='ltr'><strong>ταξις</strong></span> <span class='ocrx_word' id='word_1_106' title='bbox 1306 1909 1353 1960; x_wconf 87' lang='grc' dir='ltr'><strong>εει</strong></span> <span class='ocrx_word' id='word_1_107' title='bbox 1371 1894 1453 1958; x_wconf 88' lang='lat' dir='ltr'><strong>haec:</strong></span> <span class='ocrx_word' id='word_1_108' title='bbox 1471 1901 1497 1952; x_wconf 88' lang='lat' dir='ltr'><strong>ut</strong></span> 
     </span>
     <span class='ocr_line' id='line_1_14' title="bbox 460 2001 1497 2103; baseline -0.024 -13"><span class='ocrx_word' id='word_1_109' title='bbox 460 2022 689 2091; x_wconf 69' lang='lat' dir='ltr'><strong>descendentes</strong></span> <span class='ocrx_word' id='word_1_110' title='bbox 713 2018 757 2084; x_wconf 89' lang='lat' dir='ltr'><strong>ad</strong></span> <span class='ocrx_word' id='word_1_111' title='bbox 780 2042 929 2102; x_wconf 67' lang='grc' dir='ltr'><strong>αρχοντες</strong></span> <span class='ocrx_word' id='word_1_112' title='bbox 950 2028 1091 2103; x_wconf 85' lang='lat' dir='ltr'><strong>purgent</strong></span> <span class='ocrx_word' id='word_1_113' title='bbox 1113 2016 1148 2076; x_wconf 88' lang='lat' dir='ltr'><strong>in</strong></span> <span class='ocrx_word' id='word_1_114' title='bbox 1169 2015 1217 2089; x_wconf 89' lang='lat' dir='ltr'><strong>iis,</strong></span> <span class='ocrx_word' id='word_1_115' title='bbox 1242 2024 1277 2076; x_wconf 91' lang='lat' dir='ltr'><strong>et</strong></span> <span class='ocrx_word' id='word_1_116' title='bbox 1297 2023 1334 2074; x_wconf 90' lang='lat' dir='ltr'><strong>ut</strong></span> <span class='ocrx_word' id='word_1_117' title='bbox 1351 2001 1497 2091; x_wconf 72' lang='lat' dir='ltr'><strong>Zcpeaeiepa</strong></span> 
     </span>
     <span class='ocr_line' id='line_1_15' title="bbox 458 2127 1499 2218; baseline -0.019 -15"><span class='ocrx_word' id='word_1_118' title='bbox 458 2134 669 2205; x_wconf 84' lang='lat' dir='ltr'><strong>Melchisedec</strong></span> <span class='ocrx_word' id='word_1_119' title='bbox 694 2133 822 2198; x_wconf 85' lang='lat' dir='ltr'><strong>auferat</strong></span> <span class='ocrx_word' id='word_1_120' title='bbox 842 2133 1020 2218; x_wconf 90' lang='lat' dir='ltr'><strong>puritatem</strong></span> <span class='ocrx_word' id='word_1_121' title='bbox 1041 2128 1220 2202; x_wconf 88' lang='lat' dir='ltr'><strong>luminum,</strong></span> <span class='ocrx_word' id='word_1_122' title='bbox 1245 2146 1329 2212; x_wconf 89' lang='lat' dir='ltr'><strong>quae</strong></span> <span class='ocrx_word' id='word_1_123' title='bbox 1348 2127 1499 2210; x_wconf 75' lang='lat' dir='ltr'><strong>purgarunt</strong></span> 
     </span>
     <span class='ocr_line' id='line_1_16' title="bbox 456 2239 1525 2335; baseline -0.022 -19"><span class='ocrx_word' id='word_1_124' title='bbox 456 2255 492 2317; x_wconf 90' lang='lat' dir='ltr'><strong>in</strong></span> <span class='ocrx_word' id='word_1_125' title='bbox 516 2274 661 2335; x_wconf 71' lang='grc' dir='ltr'><strong>ερχουσιν</strong></span> <span class='ocrx_word' id='word_1_126' title='bbox 684 2247 724 2310; x_wconf 90' lang='lat' dir='ltr'><strong>ad</strong></span> <span class='ocrx_word' id='word_1_127' title='bbox 750 2243 941 2309; x_wconf 87' lang='lat' dir='ltr'><strong>adducenda</strong></span> <span class='ocrx_word' id='word_1_128' title='bbox 965 2265 1003 2306; x_wconf 86' lang='lat' dir='ltr'><strong>ea</strong></span> <span class='ocrx_word' id='word_1_129' title='bbox 1026 2243 1060 2304; x_wconf 94' lang='lat' dir='ltr'><strong>in</strong></span> <span class='ocrx_word' id='word_1_130' title='bbox 1089 2239 1229 2326; x_wconf 70' lang='lat' dir='ltr'><strong>dacaopu</strong></span> <span class='ocrx_word' id='word_1_131' title='bbox 1253 2239 1393 2312; x_wconf 89' lang='lat' dir='ltr'><strong>luminis,</strong></span> <span class='ocrx_word' id='word_1_132' title='bbox 1419 2249 1525 2319; x_wconf 77' lang='lat' dir='ltr'><strong>quuma</strong></span> 
     </span>
     <span class='ocr_line' id='line_1_17' title="bbox 458 2341 1499 2451; baseline -0.021 -23"><span class='ocrx_word' id='word_1_133' title='bbox 458 2363 558 2428; x_wconf 86' lang='lat' dir='ltr'><strong>fuerit</strong></span> <span class='ocrx_word' id='word_1_134' title='bbox 579 2357 809 2451; x_wconf 64' lang='lat' dir='ltr'><strong>dederatque</strong></span> <span class='ocrx_word' id='word_1_135' title='bbox 831 2370 962 2444; x_wconf 89' lang='lat' dir='ltr'><strong>tempus</strong></span> <span class='ocrx_word' id='word_1_136' title='bbox 986 2377 1063 2419; x_wconf 85' lang='lat' dir='ltr'><strong>suae</strong></span> <span class='ocrx_word' id='word_1_137' title='bbox 1086 2350 1212 2443; x_wconf 76' lang='grc' dir='ltr'><strong>τεξεως,</strong></span> <span class='ocrx_word' id='word_1_138' title='bbox 1241 2367 1282 2418; x_wconf 89' lang='lat' dir='ltr'><strong>ut</strong></span> <span class='ocrx_word' id='word_1_139' title='bbox 1303 2353 1451 2417; x_wconf 86' lang='lat' dir='ltr'><strong>venientes</strong></span> <span class='ocrx_word' id='word_1_140' title='bbox 1469 2341 1499 2406; x_wconf 89' lang='lat' dir='ltr'><strong>ad</strong></span> 
     </span>
     <span class='ocr_line' id='line_1_18' title="bbox 458 2459 1556 2563; baseline -0.023 -18"><span class='ocrx_word' id='word_1_141' title='bbox 458 2498 610 2563; x_wconf 71' lang='grc' dir='ltr'><strong>αρχοντες</strong></span> <span class='ocrx_word' id='word_1_142' title='bbox 633 2473 779 2559; x_wconf 82' lang='lat' dir='ltr'><strong>affligant</strong></span> <span class='ocrx_word' id='word_1_143' title='bbox 801 2493 872 2546; x_wconf 89' lang='lat' dir='ltr'><strong>eos,</strong></span> <span class='ocrx_word' id='word_1_144' title='bbox 901 2483 940 2534; x_wconf 91' lang='lat' dir='ltr'><strong>ut</strong></span> <span class='ocrx_word' id='word_1_145' title='bbox 962 2468 1102 2546; x_wconf 78' lang='grc' dir='ltr'><strong>θλιβωσιν</strong></span> <span class='ocrx_word' id='word_1_146' title='bbox 1126 2489 1197 2543; x_wconf 86' lang='lat' dir='ltr'><strong>cos,</strong></span> <span class='ocrx_word' id='word_1_147' title='bbox 1229 2466 1409 2532; x_wconf 78' lang='lat' dir='ltr'><strong>auferentes</strong></span> <span class='ocrx_word' id='word_1_148' title='bbox 1434 2459 1499 2548; x_wconf 89' lang='lat' dir='ltr'><strong>puri·</strong></span> <span class='ocrx_word' id='word_1_149' title='bbox 1555 2483 1556 2496; x_wconf 43' lang='lat' dir='ltr'><strong>c</strong></span> 
     </span>
     <span class='ocr_line' id='line_1_19' title="bbox 457 2567 1556 2669; baseline -0.021 -14"><span class='ocrx_word' id='word_1_150' title='bbox 457 2603 560 2655; x_wconf 86' lang='lat' dir='ltr'><strong>tatem</strong></span> <span class='ocrx_word' id='word_1_151' title='bbox 583 2591 617 2652; x_wconf 85' lang='lat' dir='ltr'><strong>in</strong></span> <span class='ocrx_word' id='word_1_152' title='bbox 640 2611 793 2668; x_wconf 71' lang='grc' dir='ltr'><strong>ερχουσιν.</strong></span> <span class='ocrx_word' id='word_1_153' title='bbox 840 2583 1005 2669; x_wconf 88' lang='lat' dir='ltr'><strong>Tempore</strong></span> <span class='ocrx_word' id='word_1_154' title='bbox 1029 2579 1069 2658; x_wconf 78' lang='lat' dir='ltr'><strong>de,</strong></span> <span class='ocrx_word' id='word_1_155' title='bbox 1097 2603 1164 2669; x_wconf 87' lang='lat' dir='ltr'><strong>quo</strong></span> <span class='ocrx_word' id='word_1_156' title='bbox 1186 2583 1320 2646; x_wconf 87' lang='lat' dir='ltr'><strong>mittent</strong></span> <span class='ocrx_word' id='word_1_157' title='bbox 1341 2599 1393 2644; x_wconf 90' lang='lat' dir='ltr'><strong>eos</strong></span> <span class='ocrx_word' id='word_1_158' title='bbox 1414 2597 1448 2639; x_wconf 85' lang='lat' dir='ltr'><strong>cx</strong></span> <span class='ocrx_word' id='word_1_159' title='bbox 1465 2569 1499 2634; x_wconf 87' lang='lat' dir='ltr'><strong>al·</strong></span> <span class='ocrx_word' id='word_1_160' title='bbox 1555 2567 1556 2590; x_wconf 66' lang='lat'>¹</span> 
     </span>
     <span class='ocr_line' id='line_1_20' title="bbox 458 2689 1501 2780; baseline -0.017 -15"><span class='ocrx_word' id='word_1_161' title='bbox 458 2701 644 2774; x_wconf 78' lang='lat' dir='ltr'><strong>dictatione,</strong></span> <span class='ocrx_word' id='word_1_162' title='bbox 666 2696 756 2760; x_wconf 92' lang='lat' dir='ltr'><strong>haud</strong></span> <span class='ocrx_word' id='word_1_163' title='bbox 771 2693 927 2772; x_wconf 73' lang='grc' dir='ltr'><strong>θλιβοντει,</strong></span> <span class='ocrx_word' id='word_1_164' title='bbox 943 2709 981 2758; x_wconf 93' lang='lat' dir='ltr'><strong>ut</strong></span> <span class='ocrx_word' id='word_1_165' title='bbox 999 2720 1193 2780; x_wconf 76' lang='grc' dir='ltr'><strong>εινεχωρωσιν</strong></span> <span class='ocrx_word' id='word_1_166' title='bbox 1209 2693 1253 2760; x_wconf 90' lang='lat' dir='ltr'><strong>ad</strong></span> <span class='ocrx_word' id='word_1_167' title='bbox 1269 2719 1373 2762; x_wconf 79' lang='grc' dir='ltr'><strong>τοπευς</strong></span> <span class='ocrx_word' id='word_1_168' title='bbox 1387 2689 1501 2771; x_wconf 72' lang='lat' dir='ltr'><strong>incaepto</strong></span> 
     </span>
     <span class='ocr_line' id='line_1_21' title="bbox 455 2805 1528 2897; baseline -0.012 -19"><span class='ocrx_word' id='word_1_169' title='bbox 455 2812 597 2889; x_wconf 85' lang='lat' dir='ltr'><strong>luminis,</strong></span> <span class='ocrx_word' id='word_1_170' title='bbox 624 2809 662 2874; x_wconf 85' lang='lat' dir='ltr'><strong>iit</strong></span> <span class='ocrx_word' id='word_1_171' title='bbox 685 2813 716 2897; x_wconf 82' lang='lat' dir='ltr'><strong>(i.</strong></span> <span class='ocrx_word' id='word_1_172' title='bbox 733 2831 760 2875; x_wconf 89' lang='lat' dir='ltr'><strong>e.</strong></span> <span class='ocrx_word' id='word_1_173' title='bbox 784 2808 920 2894; x_wconf 85' lang='lat' dir='ltr'><strong>accidit),</strong></span> <span class='ocrx_word' id='word_1_174' title='bbox 949 2831 1051 2895; x_wconf 90' lang='lat' dir='ltr'><strong>quum</strong></span> <span class='ocrx_word' id='word_1_175' title='bbox 1074 2811 1285 2896; x_wconf 83' lang='lat' dir='ltr'><strong>pervenerint</strong></span> <span class='ocrx_word' id='word_1_176' title='bbox 1307 2805 1349 2870; x_wconf 91' lang='lat' dir='ltr'><strong>ad</strong></span> <span class='ocrx_word' id='word_1_177' title='bbox 1370 2829 1446 2870; x_wconf 76' lang='grc' dir='ltr'><strong>τοπεν</strong></span> <span class='ocrx_word' id='word_1_178' title='bbox 1460 2815 1528 2884; x_wconf 70' lang='lat' dir='ltr'><strong>pet</strong></span> 
     </span>
     <span class='ocr_line' id='line_1_22' title="bbox 119 2909 1502 3054; baseline -0.014 -56"><span class='ocrx_word' id='word_1_179' title='bbox 119 2941 274 3054; x_wconf 48' lang='grc' dir='ltr'><strong>Ὓ-ἱῆ</strong></span> <span class='ocrx_word' id='word_1_180' title='bbox 316 2931 403 3025; x_wconf 32' lang='lat' dir='ltr'><strong>rycg</strong></span> <span class='ocrx_word' id='word_1_181' title='bbox 456 2951 510 2994; x_wconf 80' lang='grc' dir='ltr'><strong>σου</strong></span> <span class='ocrx_word' id='word_1_182' title='bbox 537 2923 717 3010; x_wconf 73' lang='grc' dir='ltr'><strong>Ζερωιοθορι</strong></span> <span class='ocrx_word' id='word_1_183' title='bbox 744 2922 956 2986; x_wconf 84' lang='lat' dir='ltr'><strong>Melchisedec</strong></span> <span class='ocrx_word' id='word_1_184' title='bbox 985 2922 1093 2986; x_wconf 79' lang='lat' dir='ltr'><strong>ferens</strong></span> <span class='ocrx_word' id='word_1_185' title='bbox 1121 2921 1261 2998; x_wconf 89' lang='lat' dir='ltr'><strong>lumina,</strong></span> <span class='ocrx_word' id='word_1_186' title='bbox 1298 2921 1392 2985; x_wconf 88' lang='lat' dir='ltr'><strong>ducet</strong></span> <span class='ocrx_word' id='word_1_187' title='bbox 1417 2939 1450 2981; x_wconf 91' lang='lat' dir='ltr'><strong>ea</strong></span> <span class='ocrx_word' id='word_1_188' title='bbox 1473 2909 1502 2975; x_wconf 82' lang='lat' dir='ltr'><strong>ai</strong></span> 
     </span>
     <span class='ocr_line' id='line_1_23' title="bbox 177 2981 1503 3122; baseline -0.012 -9.395"><span class='ocrx_word' id='word_1_189' title='bbox 177 2981 262 3100; x_wconf 48' lang='lat' dir='ltr'><strong>iii</strong></span> <span class='ocrx_word' id='word_1_190' title='bbox 341 3043 417 3118; x_wconf 82' lang='grc'><strong>366</strong></span> <span class='ocrx_word' id='word_1_191' title='bbox 455 3051 552 3114; x_wconf 67' lang='lat' dir='ltr'><strong>avane</strong></span> <span class='ocrx_word' id='word_1_192' title='bbox 574 3037 695 3103; x_wconf 91' lang='lat' dir='ltr'><strong>horum</strong></span> <span class='ocrx_word' id='word_1_193' title='bbox 719 3039 775 3122; x_wconf 92' lang='lat' dir='ltr'><strong>qui</strong></span> <span class='ocrx_word' id='word_1_194' title='bbox 801 3035 987 3122; x_wconf 82' lang='lat' dir='ltr'><strong>(pertinent)</strong></span> <span class='ocrx_word' id='word_1_195' title='bbox 1018 3033 1060 3098; x_wconf 86' lang='lat' dir='ltr'><strong>ad</strong></span> <span class='ocrx_word' id='word_1_196' title='bbox 1082 3059 1190 3116; x_wconf 79' lang='grc' dir='ltr'><strong>μεσον,</strong></span> <span class='ocrx_word' id='word_1_197' title='bbox 1219 3033 1319 3100; x_wconf 88' lang='lat' dir='ltr'><strong>ducet</strong></span> <span class='ocrx_word' id='word_1_198' title='bbox 1347 3055 1386 3098; x_wconf 90' lang='lat' dir='ltr'><strong>ea</strong></span> <span class='ocrx_word' id='word_1_199' title='bbox 1410 3023 1503 3097; x_wconf 77' lang='lat' dir='ltr'><strong>adit·</strong></span> 
     </span>
     <span class='ocr_line' id='line_1_24' title="bbox 455 3145 1503 3236; baseline -0.016 -18"><span class='ocrx_word' id='word_1_200' title='bbox 455 3177 563 3236; x_wconf 71' lang='lat' dir='ltr'><strong>carpor</strong></span> <span class='ocrx_word' id='word_1_201' title='bbox 585 3150 725 3225; x_wconf 85' lang='lat' dir='ltr'><strong>luminis,</strong></span> <span class='ocrx_word' id='word_1_202' title='bbox 753 3161 786 3212; x_wconf 90' lang='lat' dir='ltr'><strong>et</strong></span> <span class='ocrx_word' id='word_1_203' title='bbox 807 3147 865 3212; x_wconf 83' lang='lat' dir='ltr'><strong>leci</strong></span> <span class='ocrx_word' id='word_1_204' title='bbox 889 3170 1021 3233; x_wconf 89' lang='lat' dir='ltr'><strong>quoque</strong></span> <span class='ocrx_word' id='word_1_205' title='bbox 1044 3173 1195 3229; x_wconf 69' lang='grc' dir='ltr'><strong>εναχωρει</strong></span> <span class='ocrx_word' id='word_1_206' title='bbox 1219 3146 1262 3212; x_wconf 89' lang='lat' dir='ltr'><strong>ad</strong></span> <span class='ocrx_word' id='word_1_207' title='bbox 1285 3145 1503 3217; x_wconf 65' lang='lat' dir='ltr'><strong>navarchorum</strong></span> 
     </span>
     <span class='ocr_line' id='line_1_25' title="bbox 456 3251 1504 3354; baseline -0.01 -23"><span class='ocrx_word' id='word_1_208' title='bbox 456 3267 512 3352; x_wconf 87' lang='lat' dir='ltr'><strong>qui</strong></span> <span class='ocrx_word' id='word_1_209' title='bbox 535 3262 723 3354; x_wconf 88' lang='lat' dir='ltr'><strong>(pertinent)</strong></span> <span class='ocrx_word' id='word_1_210' title='bbox 746 3261 789 3326; x_wconf 90' lang='lat' dir='ltr'><strong>ad</strong></span> <span class='ocrx_word' id='word_1_211' title='bbox 805 3260 963 3336; x_wconf 85' lang='lat' dir='ltr'><strong>dextram,</strong></span> <span class='ocrx_word' id='word_1_212' title='bbox 985 3281 1092 3346; x_wconf 89' lang='lat' dir='ltr'><strong>usque</strong></span> <span class='ocrx_word' id='word_1_213' title='bbox 1116 3258 1159 3324; x_wconf 92' lang='lat' dir='ltr'><strong>ad</strong></span> <span class='ocrx_word' id='word_1_214' title='bbox 1178 3272 1312 3348; x_wconf 88' lang='lat' dir='ltr'><strong>tempus</strong></span> <span class='ocrx_word' id='word_1_215' title='bbox 1335 3251 1504 3340; x_wconf 59' lang='lat' dir='ltr'><strong>iterumde</strong></span> 
     </span>
     <span class='ocr_line' id='line_1_26' title="bbox 456 3376 1530 3466; baseline -0.018 -22"><span class='ocrx_word' id='word_1_216' title='bbox 456 3386 534 3466; x_wconf 77' lang='grc' dir='ltr'><strong>φου,</strong></span> <span class='ocrx_word' id='word_1_217' title='bbox 565 3390 603 3442; x_wconf 92' lang='lat' dir='ltr'><strong>ut</strong></span> <span class='ocrx_word' id='word_1_218' title='bbox 632 3388 763 3453; x_wconf 80' lang='lat' dir='ltr'><strong>exeant3</strong></span> <span class='ocrx_word' id='word_1_219' title='bbox 799 3399 940 3459; x_wconf 69' lang='grc' dir='ltr'><strong>αρχοντες</strong></span> <span class='ocrx_word' id='word_1_220' title='bbox 967 3376 1066 3460; x_wconf 79' lang='lat' dir='ltr'><strong>igitur</strong></span> <span class='ocrx_word' id='word_1_221' title='bbox 1095 3399 1275 3441; x_wconf 75' lang='grc' dir='ltr'><strong>ετεκτουειν</strong></span> <span class='ocrx_word' id='word_1_222' title='bbox 1307 3397 1349 3440; x_wconf 83' lang='lat' dir='ltr'><strong>ex</strong></span> <span class='ocrx_word' id='word_1_223' title='bbox 1376 3376 1419 3436; x_wconf 87' lang='lat' dir='ltr'><strong>ira</strong></span> <span class='ocrx_word' id='word_1_224' title='bbox 1444 3381 1530 3431; x_wconf 72' lang='lat' dir='ltr'><strong>suaet</strong></span> 
     </span>
     <span class='ocr_line' id='line_1_27' title="bbox 455 3474 1504 3575; baseline -0.012 -20"><span class='ocrx_word' id='word_1_225' title='bbox 455 3514 590 3574; x_wconf 70' lang='lat' dir='ltr'><strong>acceptae</strong></span> <span class='ocrx_word' id='word_1_226' title='bbox 613 3492 723 3553; x_wconf 89' lang='lat' dir='ltr'><strong>statim</strong></span> <span class='ocrx_word' id='word_1_227' title='bbox 746 3501 892 3552; x_wconf 86' lang='lat' dir='ltr'><strong>meantes</strong></span> <span class='ocrx_word' id='word_1_228' title='bbox 916 3486 1072 3551; x_wconf 85' lang='lat' dir='ltr'><strong>adversus</strong></span> <span class='ocrx_word' id='word_1_229' title='bbox 1093 3486 1226 3562; x_wconf 89' lang='lat' dir='ltr'><strong>lumina,</strong></span> <span class='ocrx_word' id='word_1_230' title='bbox 1248 3501 1424 3575; x_wconf 87' lang='lat' dir='ltr'><strong>propterea</strong></span> <span class='ocrx_word' id='word_1_231' title='bbox 1437 3474 1504 3567; x_wconf 87' lang='lat' dir='ltr'><strong>quod</strong></span> 
     </span>
     <span class='ocr_line' id='line_1_28' title="bbox 454 3598 1504 3688; baseline -0.013 -23"><span class='ocrx_word' id='word_1_232' title='bbox 454 3619 523 3665; x_wconf 90' lang='lat' dir='ltr'><strong>non</strong></span> <span class='ocrx_word' id='word_1_233' title='bbox 546 3612 623 3662; x_wconf 88' lang='lat' dir='ltr'><strong>sunt</strong></span> <span class='ocrx_word' id='word_1_234' title='bbox 645 3599 733 3686; x_wconf 88' lang='lat' dir='ltr'><strong>apud</strong></span> <span class='ocrx_word' id='word_1_235' title='bbox 758 3621 813 3664; x_wconf 89' lang='lat' dir='ltr'><strong>eos</strong></span> <span class='ocrx_word' id='word_1_236' title='bbox 829 3599 884 3662; x_wconf 92' lang='lat' dir='ltr'><strong>illo</strong></span> <span class='ocrx_word' id='word_1_237' title='bbox 901 3611 1060 3688; x_wconf 79' lang='lat' dir='ltr'><strong>tempore,</strong></span> <span class='ocrx_word' id='word_1_238' title='bbox 1083 3613 1118 3664; x_wconf 89' lang='lat' dir='ltr'><strong>et</strong></span> <span class='ocrx_word' id='word_1_239' title='bbox 1131 3598 1288 3664; x_wconf 79' lang='lat' dir='ltr'><strong>auferunt</strong></span> <span class='ocrx_word' id='word_1_240' title='bbox 1302 3599 1426 3686; x_wconf 59' lang='lat' dir='ltr'><strong>doxae,</strong></span> <span class='ocrx_word' id='word_1_241' title='bbox 1443 3611 1504 3680; x_wconf 82' lang='lat' dir='ltr'><strong>quas</strong></span> 
     </span>
     <span class='ocr_line' id='line_1_29' title="bbox 453 3708 1503 3802; baseline -0.01 -25"><span class='ocrx_word' id='word_1_242' title='bbox 453 3724 612 3802; x_wconf 85' lang='lat' dir='ltr'><strong>poterunt</strong></span> <span class='ocrx_word' id='word_1_243' title='bbox 634 3731 749 3798; x_wconf 86' lang='lat' dir='ltr'><strong>rapere</strong></span> <span class='ocrx_word' id='word_1_244' title='bbox 772 3737 965 3797; x_wconf 73' lang='grc' dir='ltr'><strong>στερεσιμως,</strong></span> <span class='ocrx_word' id='word_1_245' title='bbox 988 3727 1027 3777; x_wconf 90' lang='lat' dir='ltr'><strong>ut</strong></span> <span class='ocrx_word' id='word_1_246' title='bbox 1049 3726 1249 3780; x_wconf 72' lang='lat' dir='ltr'><strong>araacreocu</strong></span> <span class='ocrx_word' id='word_1_247' title='bbox 1272 3734 1329 3778; x_wconf 83' lang='lat' dir='ltr'><strong>eas</strong></span> <span class='ocrx_word' id='word_1_248' title='bbox 1353 3734 1411 3778; x_wconf 84' lang='lat' dir='ltr'><strong>suo</strong></span> <span class='ocrx_word' id='word_1_249' title='bbox 1432 3708 1503 3772; x_wconf 85' lang='lat' dir='ltr'><strong>fumo</strong></span> 
     </span>
     <span class='ocr_line' id='line_1_30' title="bbox 454 3799 1556 3913; baseline -0.015 -21"><span class='ocrx_word' id='word_1_250' title='bbox 454 3825 594 3892; x_wconf 86' lang='lat' dir='ltr'><strong>obscuro</strong></span> <span class='ocrx_word' id='word_1_251' title='bbox 620 3837 653 3891; x_wconf 90' lang='lat' dir='ltr'><strong>et</strong></span> <span class='ocrx_word' id='word_1_252' title='bbox 675 3845 734 3889; x_wconf 88' lang='lat' dir='ltr'><strong>suo</strong></span> <span class='ocrx_word' id='word_1_253' title='bbox 759 3823 877 3890; x_wconf 89' lang='lat' dir='ltr'><strong>ardore</strong></span> <span class='ocrx_word' id='word_1_254' title='bbox 900 3853 1020 3912; x_wconf 75' lang='grc' dir='ltr'><strong><em>πονηρῳ.</em></strong></span> <span class='ocrx_word' id='word_1_255' title='bbox 1052 3835 1127 3892; x_wconf 71' lang='lat' dir='ltr'><strong>&#39;ren</strong></span> <span class='ocrx_word' id='word_1_256' title='bbox 1148 3799 1247 3913; x_wconf 78' lang='lat' dir='ltr'><strong>igitur</strong></span> <span class='ocrx_word' id='word_1_257' title='bbox 1260 3823 1381 3913; x_wconf 53' lang='lat' dir='ltr'><strong>W&amp;</strong></span> <span class='ocrx_word' id='word_1_258' title='bbox 1401 3827 1505 3888; x_wconf 71' lang='lat' dir='ltr'><strong>iracun-</strong></span> <span class='ocrx_word' id='word_1_259' title='bbox 1555 3879 1556 3894; x_wconf 16' lang='grc' dir='ltr'>ἶ</span> 
     </span>
     <span class='ocr_line' id='line_1_31' title="bbox 453 3935 1532 4007; baseline -0.018 -2"><span class='ocrx_word' id='word_1_260' title='bbox 453 3935 573 4005; x_wconf 87' lang='lat' dir='ltr'><strong>dorum</strong></span> <span class='ocrx_word' id='word_1_261' title='bbox 604 3951 638 4004; x_wconf 91' lang='lat' dir='ltr'><strong>et</strong></span> <span class='ocrx_word' id='word_1_262' title='bbox 664 3943 921 4004; x_wconf 86' lang='lat' dir='ltr'><strong>conviciatorum</strong></span> <span class='ocrx_word' id='word_1_263' title='bbox 949 3952 982 4003; x_wconf 89' lang='lat' dir='ltr'><strong>et</strong></span> <span class='ocrx_word' id='word_1_264' title='bbox 1010 3952 1264 4007; x_wconf 56' lang='grc' dir='ltr'><strong>κετεληλευηωε</strong></span> <span class='ocrx_word' id='word_1_265' title='bbox 1293 3939 1422 4005; x_wconf 62' lang='lat' dir='ltr'><strong>auferet</strong></span> <span class='ocrx_word' id='word_1_266' title='bbox 1444 3935 1532 3996; x_wconf 76' lang='lat' dir='ltr'><strong>haece</strong></span> 
     </span>
     <span class='ocr_line' id='line_1_32' title="bbox 451 4047 1505 4142; baseline -0.006 -23"><span class='ocrx_word' id='word_1_267' title='bbox 451 4047 588 4141; x_wconf 71' lang='grc' dir='ltr'><strong>ιξευσιε,</strong></span> <span class='ocrx_word' id='word_1_268' title='bbox 621 4073 705 4138; x_wconf 84' lang='lat' dir='ltr'><strong>quae</strong></span> <span class='ocrx_word' id='word_1_269' title='bbox 728 4051 801 4139; x_wconf 87' lang='lat' dir='ltr'><strong>(est)</strong></span> <span class='ocrx_word' id='word_1_270' title='bbox 825 4049 1006 4142; x_wconf 67' lang='grc' dir='ltr'><strong>περιπληξ,</strong></span> <span class='ocrx_word' id='word_1_271' title='bbox 1036 4064 1069 4118; x_wconf 84' lang='grc' dir='ltr'><strong>ει</strong></span> <span class='ocrx_word' id='word_1_272' title='bbox 1095 4050 1251 4136; x_wconf 70' lang='lat' dir='ltr'><strong>despecta,</strong></span> <span class='ocrx_word' id='word_1_273' title='bbox 1280 4075 1368 4139; x_wconf 89' lang='lat' dir='ltr'><strong>quae</strong></span> <span class='ocrx_word' id='word_1_274' title='bbox 1396 4048 1452 4116; x_wconf 86' lang='lat' dir='ltr'><strong>sub</strong></span> <span class='ocrx_word' id='word_1_275' title='bbox 1472 4064 1505 4114; x_wconf 74' lang='lat' dir='ltr'><strong>et</strong></span> 
     </span>
     <span class='ocr_line' id='line_1_33' title="bbox 452 4163 1505 4256; baseline -0.009 -26"><span class='ocrx_word' id='word_1_276' title='bbox 452 4165 557 4232; x_wconf 87' lang='lat' dir='ltr'><strong>eiiciet</strong></span> <span class='ocrx_word' id='word_1_277' title='bbox 579 4186 634 4230; x_wconf 86' lang='lat' dir='ltr'><strong>eas</strong></span> <span class='ocrx_word' id='word_1_278' title='bbox 656 4163 749 4230; x_wconf 86' lang='lat' dir='ltr'><strong>fumo</strong></span> <span class='ocrx_word' id='word_1_279' title='bbox 774 4165 914 4232; x_wconf 87' lang='lat' dir='ltr'><strong>obscuro</strong></span> <span class='ocrx_word' id='word_1_280' title='bbox 943 4179 976 4230; x_wconf 87' lang='lat' dir='ltr'><strong>et</strong></span> <span class='ocrx_word' id='word_1_281' title='bbox 1003 4165 1120 4256; x_wconf 89' lang='lat' dir='ltr'><strong>perdet</strong></span> <span class='ocrx_word' id='word_1_282' title='bbox 1151 4188 1204 4232; x_wconf 82' lang='lat' dir='ltr'><strong>eas</strong></span> <span class='ocrx_word' id='word_1_283' title='bbox 1234 4188 1294 4232; x_wconf 91' lang='lat' dir='ltr'><strong>suo</strong></span> <span class='ocrx_word' id='word_1_284' title='bbox 1325 4164 1442 4232; x_wconf 88' lang='lat' dir='ltr'><strong>ardore</strong></span> <span class='ocrx_word' id='word_1_285' title='bbox 1465 4181 1505 4222; x_wconf 73' lang='grc' dir='ltr'><strong>πε·</strong></span> 
     </span>
    </p>
   </div>
   <div class='ocr_carea' id='block_1_3' title="bbox 492 4391 1298 4479">
    <p class='ocr_par' dir='ltr' id='par_1_3' title="bbox 492 4391 1298 4479">
     <span class='ocr_line' id='line_1_34' title="bbox 492 4391 1298 4479; baseline 0.01 -27"><span class='ocrx_word' id='word_1_286' title='bbox 492 4391 521 4452; x_wconf 87' lang='grc'><strong>6.</strong></span> <span class='ocrx_word' id='word_1_287' title='bbox 545 4413 592 4454; x_wconf 83' lang='lat' dir='ltr'><strong>eas</strong></span> <span class='ocrx_word' id='word_1_288' title='bbox 615 4396 677 4473; x_wconf 89' lang='lat' dir='ltr'><strong>(me</strong></span> <span class='ocrx_word' id='word_1_289' title='bbox 699 4398 748 4476; x_wconf 88' lang='grc' dir='ltr'><strong>Ρ.)</strong></span> <span class='ocrx_word' id='word_1_290' title='bbox 803 4398 852 4458; x_wconf 90' lang='grc'><strong>16.</strong></span> <span class='ocrx_word' id='word_1_291' title='bbox 875 4410 965 4479; x_wconf 82' lang='lat' dir='ltr'><strong>atquc</strong></span> <span class='ocrx_word' id='word_1_292' title='bbox 985 4399 1064 4479; x_wconf 82' lang='lat' dir='ltr'><strong>(add.</strong></span> <span class='ocrx_word' id='word_1_293' title='bbox 1086 4399 1228 4478; x_wconf 79' lang='lat' dir='ltr'><strong>„etiam”</strong></span> <span class='ocrx_word' id='word_1_294' title='bbox 1249 4399 1298 4475; x_wconf 87' lang='lat' dir='ltr'><strong>P.)</strong></span> 
     </span>
    </p>
   </div>
   <div class='ocr_carea' id='block_1_4' title="bbox 0 0 1624 5328">
    <p class='ocr_par' dir='ltr' id='par_1_4' title="bbox 0 0 1624 5328">
     <span class='ocr_line' id='line_1_35' title="bbox 0 0 1624 5328; baseline 0 1"><span class='ocrx_word' id='word_1_295' title='bbox 0 0 1624 5328; x_wconf 95' lang='lat' dir='ltr'><strong> </strong></span> 
     </span>
    </p>
   </div>
  </div>
 </body>
</html>
