3296 5354
955 405 1000 473 34

438 591 507 661 vidi
529 615 681 679 apxrvrar
707 609 820 655 omnes
844 613 952 654 armar
973 585 1165 651 multorum.
1210 582 1256 650 Et
1276 585 1387 650 intuiti
1407 586 1443 648 in
1464 605 1518 651 me

437 707 603 773 laetantur
626 703 668 769 de
689 726 744 768 me
765 701 857 767 haud
870 713 1023 790 patrante
1038 699 1220 787 quidquam
1240 700 1280 762 iis
1300 698 1388 764 mali.
1421 707 1519 766 ma

438 821 517 887 odio
539 843 594 886 me
615 818 783 884 habebant
805 820 874 882 sine
897 836 1004 880 eausa.
1046 813 1092 879 Et
1114 835 1218 901 quum
1233 812 1384 878 viderent
1406 837 1518 897 αρχον-

439 959 496 1008 roc
516 961 623 1002 almvm
646 933 803 998 laetantes
834 929 875 995 de
905 951 959 993 me
987 927 1137 1014 τροβολοιι
1156 923 1322 1005 eododem,
1351 926 1518 993 intellexe-

439 1061 534 1126 runt,
574 1067 642 1112 uon
664 1047 744 1110 mihi
766 1043 923 1108 allaturos
954 1063 1025 1108 esse
1055 1038 1190 1120 (landetur
1222 1065 1374 1128 αρχοντως
1399 1065 1547 1118 acervom

441 1176 540 1248 atque
564 1158 705 1226 confisae
733 1171 811 1223 sunt
831 1156 982 1243 προβολαι
1010 1155 1100 1232 illae,
1133 1176 1219 1242 quae
1247 1154 1438 1242 affligebant
1464 1178 1517 1220 me
1618 1165 1619 1170 ’

440 1277 476 1340 in
503 1275 669 1338 iniustitia.
712 1271 822 1358 Atque
850 1269 976 1348 lumen,
1007 1267 1098 1356 quod
1127 1267 1218 1333 haud
1246 1272 1355 1356 aeoepi
1386 1291 1446 1356 ego
1476 1267 1517 1332 ab

439 1388 517 1464 illis,
554 1386 761 1451 abstulmunt
791 1407 811 1449 a
839 1405 902 1450 me.
954 1383 1047 1448 Nune
1076 1386 1190 1470 igitur,
1227 1382 1339 1447 lumen
1370 1380 1516 1458 ωληθιιας,

441 1505 515 1580 eois,
536 1523 590 1566 me
613 1500 726 1566 fecisse
740 1499 822 1564 haee
845 1502 879 1562 in
897 1519 972 1562 mea
993 1497 1197 1585 simplicitate
1220 1500 1420 1585 opinantem,
1443 1519 1517 1584 per-

440 1619 547 1681 tinere
570 1613 613 1680 ad
633 1629 667 1680 te
689 1614 802 1679 lumen
824 1634 900 1676 oum
922 1611 1005 1677 facie
1019 1611 1132 1676 leonis.
1161 1611 1207 1676 Et
1221 1625 1402 1698 peceatum,
1426 1609 1515 1697 quod
1542 1635 1564 1676 n

441 1733 605 1807 commisi,
628 1729 840 1794 manifestum
863 1741 912 1792 est
934 1747 1046 1791 eoram
1066 1738 1110 1791 te.
1147 1725 1195 1791 Ne
1219 1725 1280 1802 sae,
1303 1747 1357 1790 me
1378 1725 1516 1813 amplius

440 1842 599 1932 indigere,
631 1842 777 1920 dondne,
808 1843 965 1928 quoniam
988 1839 1109 1905 credidi
1136 1853 1196 1904 tuo
1225 1839 1341 1903 lumini
1369 1837 1445 1904 inde
1475 1838 1516 1903 ab

441 1961 545 2022 initio.
589 1957 745 2034 Domine,
772 1956 884 2020 lumen
917 1957 1051 2032 virium,
1080 1975 1121 2019 ne
1144 1953 1197 2019 fae
1219 1974 1273 2018 me
1302 1953 1441 2041 amplius
1468 1955 1517 2016 in·

443 2069 553 2158 digere
575 2091 649 2135 meo
672 2071 803 2134 lumine.
847 2068 933 2133 Nam
959 2081 1096 2156 propter
1122 2080 1217 2133 tuam
1238 2076 1378 2155 αφορμην
1405 2081 1517 2132 tuum·

443 2205 508 2269 que
530 2183 643 2248 lumen
663 2205 779 2248 versor
801 2186 836 2246 in
864 2183 926 2248 hae
954 2181 1139 2247 afflictione.
1184 2181 1229 2247 Et
1255 2181 1366 2269 pudor
1393 2180 1518 2246 obtexit
1545 2203 1570 2244 ιε
1618 2227 1619 2232 η

441 2317 504 2360 me.
540 2295 585 2361 Et
606 2309 743 2384 propter
766 2317 899 2360 causam
920 2298 970 2360 tui
993 2297 1122 2360 lmninis
1144 2319 1218 2360 sum
1231 2297 1421 2384 peregrinus
1436 2297 1518 2358 meis

442 2407 600 2476 fratribus
625 2435 759 2496 eupatore
781 2423 879 2495 atque
904 2411 1002 2476 etiam
1024 2409 1190 2497 προβολαις
1211 2412 1336 2496 magnis
1355 2409 1518 2494 Βαρβηλω.

192 2535 197 2553 ’
257 2547 284 2563 ··
368 2523 532 2590 ·.Haeo
553 2524 633 2587 mibi
657 2523 853 2600 aeciderunt,
878 2545 897 2588 o
921 2523 1042 2601 lumen,
1067 2522 1158 2610 quod
1179 2524 1345 2588 aemulata
1366 2545 1439 2587 sum
1457 2537 1518 2586 tuo

441 2636 638 2702 habitaculo.
682 2637 728 2702 Et
749 2640 896 2702 venitin
917 2659 971 2702 me
992 2641 1042 2702 ira
1065 2635 1224 2714 notatur.
1256 2640 1312 2723 qui
1335 2659 1403 2702 non
1425 2635 1519 2701 audi·

440 2753 491 2816 vit
511 2763 615 2815 tuam·
627 2764 770 2828 κελευσιν,
794 2765 833 2815 ut
855 2751 996 2844 προβωλῃ
1021 2751 1187 2842 επροβολῃ
1204 2774 1297 2815 suam
1316 2755 1393 2828 vim,
1416 2772 1518 2838 prop·
1545 2774 1572 2815 ro

441 2875 533 2929 terea
555 2864 646 2952 quod
669 2865 717 2932 lui
739 2868 774 2930 in
796 2869 865 2930 eius
894 2890 973 2931 aron
998 2863 1089 2930 haud
1111 2864 1232 2929 faciens
1255 2868 1323 2930 eius
1350 2891 1518 2950 μυστηριον.

440 2977 486 3046 Et
507 2978 686 3044 irridebant
712 2980 792 3044 mihi
823 3004 965 3064 αρχοντες
994 3000 1107 3044 omnes
1140 3005 1255 3045 alaram.
1305 2979 1351 3044 Et
1380 3001 1454 3043 sum
1482 2981 1519 3042 in

440 3091 497 3157 illo
520 3119 602 3182 τοπῳ
623 3095 747 3181 lugens,
771 3115 931 3180 quaerens
954 3107 1051 3158 tuum
1071 3093 1192 3171 lumen,
1218 3093 1307 3179 quod
1323 3093 1390 3158 vidi
1412 3096 1446 3157 in
1469 3092 1518 3156 al·

440 3205 588 3270 titudine.
646 3206 692 3272 Et
727 3205 928 3292 quaerebant
961 3228 1015 3271 me
1051 3215 1192 3295 φυλωκες
1216 3220 1314 3281 aviac
1341 3233 1448 3273 αιωνων
1484 3220 1519 3270 et

442 3341 651 3386 εσκοπτονῐηθ
667 3341 793 3396 ornnes,
818 3323 875 3405 qui
898 3323 1031 3406 capiunt
1053 3343 1169 3385 eorum
1185 3347 1350 3408 (temptor.
1388 3321 1459 3407 Ego
1485 3317 1518 3386 δε
1542 3345 1568 3385 n

441 3429 593 3494 intuebar
616 3435 650 3494 in
672 3432 886 3509 altitudinem,
910 3455 1041 3497 sursum
1063 3437 1097 3498 in
1119 3447 1161 3511 te,
1184 3435 1304 3510 lumen,
1329 3448 1427 3520 atque
1447 3456 1517 3498 ore-

442 3541 510 3606 didi
532 3541 600 3606 tibi.
644 3544 738 3610 Nune
760 3548 867 3633 igitur,
890 3545 1002 3610 lumen
1024 3548 1199 3626 luminum,
1224 3549 1367 3636 affligere
1390 3550 1424 3610 in
1440 3547 1518 3611 oali-

441 3657 515 3742 gine
538 3655 651 3722 chaon.
683 3657 717 3721 Si
732 3661 781 3723 vis
796 3662 895 3745 igitur
909 3663 1021 3726 venire
1037 3660 1080 3726 ad
1096 3663 1295 3728 servandum
1310 3685 1373 3740 me,
1397 3683 1519 3748 magna

441 3783 491 3836 est
512 3783 572 3836 tua
593 3772 829 3852 misericordia3
853 3773 930 3839 audi
951 3797 1005 3840 me
1028 3779 1062 3840 in
1084 3781 1236 3854 veritate,
1265 3790 1297 3842 et
1320 3799 1428 3842 serves
1452 3797 1518 3841 me.

439 3883 558 3952 Libera
580 3909 634 3952 me
658 3910 675 3953 e
697 3890 757 3981 ὑλῃ
780 3888 877 3953 huius
901 3889 1057 3977 ealiginiS‚
1086 3903 1188 3956 utne
1210 3894 1386 3980 immergar
1407 3892 1443 3954 in
1466 3912 1517 3966 ea,
1545 3915 1571 3956 ao

522 4044 553 4103 3.
575 4043 722 4107 habebant
743 4047 866 4126 (habent
881 4046 930 4122 P.)
972 4047 1023 4107 22.
1047 4049 1172 4108 Eleum
1194 4047 1272 4128 (vel:
1296 4049 1359 4127 „Er
1382 4048 1443 4108 fui”
1466 4049 1519 4126 P.)

441 4141 492 4200 23.
514 4153 607 4213 πυλης
628 4147 738 4224 (πυλων
758 4171 813 4205 των
834 4147 884 4221 Ρ.)
926 4147 976 4207 23.
1000 4158 1084 4208 tuum
1107 4151 1183 4226 (non
1206 4148 1320 4232 legitur
1340 4149 1467 4226 „tum”
1483 4149 1520 4210 in

439 4249 523 4300 textu
545 4240 594 4316 P.)
635 4243 686 4302 25.
710 4247 761 4325 qui
783 4247 904 4327 capiunt
919 4267 1023 4308 eorum
1042 4248 1108 4328 (qui
1123 4260 1250 4310 tuentur
1263 4271 1349 4310 suum
1371 4249 1422 4328 P.)
1463 4249 1520 4308 27.

438 4338 574 4423 affligere
595 4341 729 4425 (affligor
750 4344 800 4423 Ρ.)
