3240 5328
631 493 698 560 239

126 695 188 738 aar
210 668 292 736 alios
314 681 383 736 tres
406 691 512 736 annos
533 681 567 737 et
595 692 653 738 sex
680 691 817 740 meuses.
866 673 947 740 Post
973 673 1053 742 baec
1083 675 1203 744 ducent

126 805 199 849 eam
223 783 266 848 ad
287 781 425 867 raptos
447 784 592 863 luminis,
620 807 704 873 quae
726 813 864 872 κρινιυσε
881 787 1011 861 buitur
1034 803 1067 854 et
1087 813 1201 878 pecca-

125 910 225 973 tores,
248 921 332 981 κρινει
356 919 437 962 eam.
475 898 521 964 Et
543 921 646 985 quum
662 909 782 986 σφαιρε
806 923 963 968 conversa
985 905 1035 979 sit,
1057 917 1201 981 κελευσει,

126 1023 166 1074 ut
188 1013 315 1076 eliciant
337 1033 411 1076 eam
432 1014 467 1076 iu
486 1013 654 1099 caliginem
675 1027 852 1092 externam,
874 1015 1039 1102 usquead
1061 1031 1201 1105 tempus,

83 1147 97 1185 s
128 1147 194 1210 quo
217 1125 335 1190 tollent
358 1125 526 1213 caliginem
549 1126 663 1203 medii,
688 1126 838 1193 deficiens
863 1128 1067 1196 dissolvetur.
1112 1131 1202 1196 Haec

127 1251 177 1304 est
199 1252 324 1308 καλεσει
345 1239 486 1304 bominis
514 1240 741 1307 interfectoris.
786 1243 876 1306 Dixit
902 1243 1033 1308 Petrus:
1065 1247 1110 1309 mi
1142 1244 1201 1310 do·

129 1354 232 1428 minc,
262 1366 332 1416 esto
355 1341 546 1416 mulieribus
575 1357 652 1419 satis
676 1359 890 1440 quaesivisse3
922 1379 1117 1445 quaeramus
1139 1381 1201 1424 nos
1240 1349 1315 1424 383

129 1487 274 1552 quoque.
323 1464 414 1528 Dixit
434 1463 523 1529 lesus
546 1466 745 1540 Maribamae
769 1482 867 1553 atque
890 1470 1094 1535 mulieribus:
1126 1471 1202 1538 date

128 1578 238 1643 locum
252 1581 368 1644 vestris
391 1577 548 1642 fratribus
572 1579 734 1654 maribus,
756 1593 795 1643 ut
811 1595 970 1666 quaerant
991 1584 1044 1645 isti
1061 1605 1202 1669 quoque.

73 1716 102 1757 ro
128 1691 343 1779 Respondent
358 1692 475 1756 Petrus
500 1691 595 1756 dixit:
618 1695 665 1756 mi
685 1691 830 1769 domine,
853 1693 953 1759 bomo
977 1694 1061 1760 latro
1078 1695 1202 1775 furans,

129 1809 219 1870 cuius
242 1819 413 1893 peccatum
436 1806 500 1870 boc
523 1819 573 1872 est
595 1827 821 1894 perseverans,
846 1810 873 1870 si
897 1809 1010 1871 exierit
1032 1831 1049 1873 c
1073 1835 1202 1894 σωματι,

129 1941 291 2006 quaenam
315 1933 364 1984 est
387 1922 464 1984 eius
484 1919 631 1990 κολασιςῗ
675 1920 766 1984 Dixit
792 1919 896 1986 Iesus:
925 1919 1023 1987 buius
1052 1923 1203 1989 huiusce-

128 2033 219 2098 modi
243 2056 344 2120 quum
368 2032 557 2098 absolutum
584 2035 627 2096 sit
654 2046 784 2121 tempus
808 2043 941 2121 σφαιρᾳ,
970 2039 1136 2102 venientes
1161 2036 1204 2102 ad

130 2169 207 2211 eum
229 2161 454 2230 περελημπτει
476 2145 643 2223 Adonidis,
668 2144 788 2211 ducent
810 2150 878 2212 cius
899 2146 1010 2235 ψυχην
1034 2172 1051 2214 ε
1074 2177 1203 2234 cauare,

76 2283 104 2325 ss
130 2273 170 2324 ut
192 2263 391 2326 circumeant
414 2281 489 2324 rum
513 2281 551 2325 ea
572 2275 638 2325 tres
662 2261 740 2336 dies,
765 2259 917 2328 docentes
941 2284 1014 2328 eam
1037 2278 1202 2329 creaturas

127 2399 255 2458 κοσμιυ.
300 2373 380 2438 Post
401 2374 481 2438 haec
505 2372 667 2438 deducent
689 2396 762 2438 eam
784 2377 818 2439 iu
841 2397 956 2441 orcum
986 2375 1028 2441 ad
1050 2377 1203 2456 Ariciam,

128 2501 167 2552 ut
187 2513 335 2578 τιμωρησῃ
359 2510 432 2552 cam
445 2490 520 2552 'suis
548 2500 692 2554 κολεσεσι
715 2502 782 2554 tres
811 2510 939 2554 meuses
969 2503 1002 2554 et
1032 2505 1106 2555 octo
1136 2491 1203 2557 dies

129 2615 163 2666 ct
184 2601 283 2666 boras
307 2601 398 2666 duas.
443 2601 523 2665 Post
544 2601 623 2666 baec
647 2601 767 2668 ducent
796 2624 869 2667 eam
896 2605 931 2668 iu
955 2604 1053 2669 cbaos
1078 2603 1120 2668 ad
1142 2603 1203 2668 lal-

131 2713 332 2776 dabaothum
348 2716 480 2799 eiusque
497 2715 712 2800 quadraginta
726 2737 847 2780 novem
863 2715 1012 2799 datuurus,
1031 2732 1070 2782 ut
1083 2740 1203 2783 unum·

74 2852 104 2893 ac
132 2825 272 2913 quodvis
296 2847 432 2892 suorum
454 2825 609 2908 ὃειμινιων
627 2853 774 2916 annonara
799 2848 872 2890 cam
893 2830 973 2892 alios
993 2843 1060 2896 tres
1075 2855 1204 2898 menses

131 2953 165 3005 ει
188 2952 262 3003 octo
287 2936 355 3002 dics
379 2951 412 3002 et
433 2938 531 3002 horas
556 2937 647 3004 duas.
686 2939 766 3004 Post
786 2939 866 3004 haec
889 2939 1053 3005 adducent
1076 2964 1148 3008 eam
1169 2948 1205 3009 in

129 3057 219 3118 viam
241 3051 348 3128 medii,
371 3064 410 3115 ut
431 3055 655 3138 unusquisque
678 3077 829 3137 ερχιντων
843 3055 916 3118 viae
939 3054 1037 3119 medii
1056 3081 1204 3148 τιμωρησῃ

130 3188 202 3232 eam
227 3188 287 3230 suo
311 3165 404 3230 fumo
429 3163 568 3230 obscuro
593 3177 626 3230 et
649 3188 709 3231 suo
738 3164 856 3231 ardore
886 3193 997 3254 πονηρῳ
1027 3169 1106 3234 alios
1136 3183 1203 3235 tres

130 3301 258 3345 menses
282 3256 315 3343 et
337 3291 412 3343 octo
442 3278 509 3343 dics
539 3290 572 3343 et
600 3279 699 3344 horas
729 3279 819 3344 duas.
863 3281 944 3345 Post
973 3281 1053 3348 baec
1085 3281 1205 3348 ducent

77 3421 104 3461 ss
132 3413 205 3458 eam
229 3391 271 3456 ad
292 3392 428 3477 ‘rapdrvov
450 3391 591 3469 luminis,
619 3415 703 3479 quat
726 3419 863 3475 κρινευσα,
883 3392 1014 3466 distortor
1036 3409 1069 3462 ct
1091 3419 1204 3484 pecca·

131 3519 237 3583 tores,
267 3531 342 3597 κρινῃ
367 3527 457 3582 eam;
489 3517 522 3570 et
545 3527 648 3591 quum
676 3517 797 3593 σφειρε
820 3528 979 3574 conversa
1008 3513 1066 3588 sit,
1096 3511 1205 3578 tradet

132 3641 205 3684 cam
227 3622 293 3684 suis
308 3630 557 3705 περελημπτεις,
579 3632 619 3683 ιιι
639 3622 816 3686 iniicicntes
836 3644 910 3686 eam
925 3622 968 3688 ad
984 3650 1091 3696 ειωνες
1106 3634 1204 3713 σφαι-

130 3757 184 3817 ρες
207 3731 328 3796 ducant
356 3754 429 3797 cam
457 3730 501 3797 ad
522 3754 656 3818 equium,
688 3756 772 3821 quae
800 3750 850 3800 est
877 3737 963 3801 inira
990 3747 1134 3822 σῲειρεν,
1166 3751 1206 3800 ut

104 3819 244 3908 'fumus
268 3843 423 3910 ebulliens
446 3845 597 3910 comedat
618 3849 706 3910 intus
734 3849 769 3910 in
792 3869 882 3921 cem,
909 3869 1013 3931 usque
1044 3849 1125 3911 dum
1146 3874 1204 3914 aa·
1243 3844 1318 3918 384

77 3987 104 4030 at
131 3955 232 4047 θιρισῃ
256 3979 329 4022 eam
350 3958 454 4024 valde.
491 3959 573 4022 Post
586 3959 667 4024 baec
681 3961 815 4023 veniens
834 3956 990 4034 ludaham,
1014 3971 1204 4045 τεραλημπ-

129 4095 179 4146 της
194 4070 352 4136 Sabaothi
365 4071 522 4148 Adamas
539 4071 656 4136 afferet
667 4070 800 4136 calicem
818 4071 999 4149 oblivionis,
1022 4071 1203 4139 traditurus

131 4205 209 4251 eum
229 4182 341 4276 ψυχῃ,
370 4199 410 4250 ut
431 4185 545 4251 bibens
576 4170 652 4250 eum
682 4184 893 4250 obliviscatur
915 4205 1027 4251 rerum
1056 4189 1204 4254 omnium

131 4310 166 4363 ct
186 4323 280 4365 τιπων
304 4300 465 4376 omnium,
495 4301 530 4363 in
558 4320 641 4386 quos
663 4301 767 4375 veoit;
797 4297 929 4364 tradent
957 4321 1029 4365 eam
1055 4302 1090 4365 in
1111 4327 1205 4388 σωμε

132 4409 285 4478 claudum
309 4425 342 4478 ct
363 4412 517 4480 mutilum
533 4423 566 4480 ει
580 4431 721 4479 caecum.
751 4411 841 4480 Haec
860 4425 910 4480 est
923 4424 1050 4488 actara
1064 4415 1204 4484 bominis
