3240 5328
560 464 697 536 ,235

127 644 368 737 rsdspnlmxrso·
391 646 476 734 ζεηι·
502 646 642 733 Bessum·
667 647 882 736 νοχαβριχηρ·
907 646 1019 736 nelops·
1036 659 1134 720 uersi·
1155 650 1199 722 ii·

126 762 526 848 stcssaitstnptx·1srustsro;‚
546 788 633 846 χιριι,
652 789 754 850 ecreto,
773 760 920 849 μουθιουρ,
939 790 1045 850 optus,
1065 789 1197 852 πευχηρ·

127 895 287 958 cremnos·
316 897 454 961 μινιονορ·
481 873 673 958 ισοχοβορθα.
717 875 837 942 Audite
866 899 933 955 me,
965 891 1099 946 επικσιλω
1127 861 1202 958 νὀει,ἱ

126 990 282 1054 remittite
303 1001 438 1075 peccata
452 987 571 1053 harum
585 986 711 1076 ψυχων,
735 1003 768 1054 et
783 992 974 1078 exstinguite
996 1015 1112 1058 eorum
1128 1021 1196 1060 ero-

89 1129 102 1167 s
126 1126 209 1188 μιας.
254 1101 361 1166 Sunto
385 1100 473 1188 digni
494 1100 609 1166 referri
633 1101 675 1166 ad
697 1125 835 1190 regnum
857 1108 921 1170 mei
950 1110 1067 1194 patris,
1095 1110 1198 1194 patris

127 1213 271 1301 θησαυρου
294 1214 442 1290 luminis,
472 1213 562 1300 quod
585 1237 645 1302 ego
669 1238 829 1303 cognosco
852 1231 927 1284 tuas
950 1243 1085 1307 magnas
1109 1220 1198 1289 dove·

126 1355 191 1414 μιις
215 1341 248 1394 ci
262 1342 397 1396 επικωλω
412 1351 480 1394 eas:
505 1351 594 1414 mono·
613 1330 729 1417 βεβρω·
750 1330 857 1418 sipost·
878 1343 1004 1422 ηουριῲ·
1022 1356 1105 1410 socr·
1127 1361 1197 1402 roo·

128 1451 198 1530 φιν·
227 1451 483 1530 nonsummum·
515 1442 670 1528 μαυωνβι·
696 1465 823 1528 porcos·
855 1467 973 1514 σουωνι·
1003 1459 1198 1538 ῃωχιτεωῲ·

125 1576 236 1641 χωχε·
256 1565 367 1642 ιτεωφ·
387 1578 522 1642 μεμωχ·
542 1564 661 1643 omno,
684 1558 839 1620 remittite
853 1571 986 1644 peccata
1000 1560 1118 1625 harum
1132 1559 1199 1650 do·

77 1697 102 1738 m
126 1696 201 1755 χων,
225 1673 417 1757 exstinguite
440 1692 556 1735 eorum
572 1694 707 1750 ανομιας,
731 1690 813 1755 quus
828 1668 977 1736 fecerunt
992 1676 1048 1736 scii
1064 1687 1097 1737 et
1118 1697 1198 1760 quas

126 1783 275 1849 fecerunt
295 1787 401 1862 inscii;
425 1783 681 1870 quaelecerunt
702 1787 737 1848 in
758 1810 874 1872 πορνειᾳ
898 1798 931 1850 et
954 1784 1124 1864 adulterio,
1148 1786 1209 1860 loe·

125 1921 231 1985 usque
255 1897 297 1962 nd
320 1897 407 1965 diem
434 1896 644 1972 hodiernum,
674 1900 830 1963 remittite
857 1900 910 1975 iis,
941 1911 974 1964 et
999 1899 1117 1966 reddas
1142 1889 1198 1966 eos

127 2011 241 2100 dignos
263 2011 377 2078 referri
403 2010 445 2076 ad
467 2033 605 2099 regnum
627 2014 691 2076 mei
714 2015 832 2097 patris,
861 2025 900 2076 ut
923 2013 1111 2103 sintdigni‚
1142 2018 1199 2101 qui

127 2127 288 2212 accipiant
316 2147 357 2190 ex
383 2124 446 2188 hac
474 2134 644 2214 προσφορφ,
674 2127 719 2190 mi
746 2139 842 2213 pater
863 2140 982 2191 sancte.
1027 2127 1063 2192 Si
1090 2131 1198 2216 igitur,

75 2266 102 2307 rr
128 2241 174 2302 mi
196 2253 304 2326 pater,
334 2237 474 2303 audieris
498 2261 564 2316 me,
595 2252 628 2304 et
653 2223 814 2306 remiseris
836 2254 971 2330 peccata
992 2241 1111 2308 hmmn
1133 2241 1198 2331 ψυ-
1236 2238 1311 2316 377

126 2377 203 2438 χων,
227 2365 260 2417 et
282 2351 438 2418 deleveris
463 2376 577 2419 eorum
593 2381 730 2441 ovenses,
753 2368 786 2421 et
807 2354 986 2422 reddideris
1010 2379 1066 2422 eos
1083 2357 1198 2444 dignos

126 2465 240 2532 referri
265 2467 307 2532 ad
328 2481 424 2532 tuum
446 2490 593 2557 regumn,
617 2467 709 2534 dabis
732 2470 811 2534 milri
827 2472 954 2556 signum
976 2467 1093 2536 in'nac
1108 2497 1199 2555 προσ-

128 2589 220 2668 φορφ,
243 2594 277 2646 et
298 2581 422 2647 factum
438 2596 488 2648 est
503 2587 640 2670 signum,
664 2582 753 2669 quod
772 2582 861 2648 Iesus
878 2582 967 2648 dixit
1005 2584 1095 2649 Dixit
1108 2583 1199 2652 lesus

127 2692 171 2756 ad
199 2715 276 2756 suos
306 2693 458 2776 μαθηταςε
490 2695 643 2780 gaudete,
677 2697 855 2774 laetemini,
885 2697 976 2785 quod
1002 2702 1206 2784 remiserunt,
1224 2727 1246 2770 >e

72 2832 101 2873 so
127 2817 238 2871 vestra
260 2817 408 2890 peccata,
438 2819 470 2869 et
493 2806 684 2901 deleverunt
705 2821 832 2872 vestras
859 2837 998 2894 ανομιας,
1027 2826 1125 2898 atque
1146 2835 1199 2878 rc·

125 2918 184 2982 lati
208 2920 284 2982 estis
309 2915 351 2982 ad
373 2939 510 3004 regnum
533 2921 598 2982 mei
620 2899 731 3006 patris.
752 2919 754 2922 ’
775 2919 864 2984 llaec
887 2919 918 2987 dr
943 2945 1046 3007 quum
1070 2923 1199 2990 locutus

1285 2869 1305 2906 N

127 3045 222 3108 esset,
244 3029 378 3115 μαθηται
401 3034 501 3119 gavisi
525 3045 603 3097 sunt
624 3055 743 3120 magno
767 3031 896 3120 gaudio.
933 3036 1024 3099 Dixit
1041 3034 1131 3101 lesus
1146 3039 1198 3100 iis:

125 3148 206 3212 haec
230 3159 280 3212 est
300 3149 400 3222 ratio,
428 3159 461 3212 et
481 3147 544 3212 hoc
568 3159 618 3212 cst
638 3173 805 3233 μυστηριον,
833 3146 922 3233 quod
945 3147 1070 3213 iacietis
1093 3149 1199 3213 homi-

125 3260 222 3326 nibus
262 3287 466 3328 mmurooro
501 3261 610 3338 vobis,
647 3264 683 3326 in
720 3261 838 3348 quibem
872 3263 981 3328 nullus
1020 3262 1131 3340 dolus,
1167 3275 1200 3328 et
1288 3335 1291 3342 ⁴

71 3403 98 3444 ar
127 3375 334 3442 audientibus
356 3397 417 3440 vos
445 3378 480 3439 in
508 3398 659 3442 sermone
688 3379 778 3442 omni
804 3375 902 3442 bono.
946 3377 1057 3464 Atque
1084 3399 1201 3442 eorum

124 3503 260 3578 peccate
282 3511 462 3576 eorumque
486 3517 612 3574 ανομιιις
635 3489 791 3556 delebunt
812 3512 917 3577 usque
940 3490 983 3556 ad
1000 3491 1088 3556 hunc
1104 3491 1200 3570 diem,

126 3603 279 3670 dantibus
301 3603 395 3670 vobis
417 3607 456 3669 iis
478 3605 541 3672 hoc
565 3631 731 3694 μυπηρων.
776 3607 855 3674 Μ’
874 3607 1011 3673 occulito
1032 3607 1095 3672 hoc
1118 3633 1200 3692 μυσ-

123 3743 225 3802 sapies,
248 3741 290 3784 ne
305 3718 381 3786 date
403 3718 437 3786 id
460 3720 584 3786 homini
608 3723 719 3799 cuivis,
742 3747 838 3806 ιιμητι
852 3707 983 3788 iactum
999 3743 1052 3788 res
1075 3744 1200 3798 omnes,

126 3851 208 3915 quas
232 3828 298 3894 dixi
319 3830 414 3896 vobis
435 3836 470 3896 in
492 3837 573 3898 meis
602 3849 742 3905 monere.
786 3833 858 3898 Hoc
888 3860 936 3898 coc
967 3847 1017 3896 est
1042 3857 1201 3917 μυοτηριον

68 3971 98 4012 sn
126 3940 267 4016 ωληθιιας
293 3943 509 4028 (denarratores
533 3944 668 4019 horum,
698 3947 754 4030 qui
783 3946 951 4010 remittent
980 3965 1096 4008 eorum
1123 3966 1201 4033 pec·

125 4069 209 4133 cata,
233 4069 267 4121 et
289 4055 439 4120 occulent
461 4077 576 4122 eorum
600 4082 735 4139 evonant.
776 4056 848 4122 Hoc
873 4071 922 4124 cst
943 4058 1115 4144 βαπτισμσ.
1134 4060 1200 4144 pri-

124 4193 201 4236 mae
223 4179 404 4258 προσφορας,
426 4169 662 4238 introducentis
676 4174 712 4236 in
732 4197 819 4238 τοπον
838 4170 979 4246 medates
1001 4186 1035 4238 et
1055 4175 1143 4240 intus
1165 4175 1201 4242 in

124 4311 213 4352 τοπον
234 4286 376 4350 luminis.
413 4284 495 4350 Post
514 4285 595 4351 hoec
616 4288 737 4352 iterum
752 4283 904 4352 dixerunt
927 4289 956 4354 ei
979 4289 1029 4352 sni
1051 4285 1200 4372 μαθηταιε

125 4397 287 4477 Hiatbsi,
310 4399 421 4468 revela
442 4397 537 4467 nobis
558 4425 715 4488 μυστηριον
737 4399 868 4469 luminis
891 4404 941 4470 tui
963 4403 1081 4492 petris,
1103 4400 1201 4480 utils
1299 4405 1326 4431 ⁸·
