3296 5354
921 437 966 507 54

407 626 483 694 lasti
503 623 599 692 nobis
625 622 706 690 baec
728 619 839 689 verba.
884 627 969 694 Πλην
990 620 1090 706 igitur
1114 622 1223 701 enexa-
1244 636 1338 682 meos
1368 612 1486 680 fratres

408 763 514 828 usque
537 735 664 806 adhoc
691 736 849 824 temporis
873 735 1092 810 momentum,
1130 745 1169 796 ut
1196 753 1238 798 ne
1264 733 1392 796 irritam
1421 750 1487 804 eos,

409 855 482 922 αλλ’
506 881 609 940 araxe)
631 870 902 937 unumquemque
925 869 1039 914 eorum
1053 849 1253 914 'venientem
1282 843 1326 909 ad
1352 857 1401 920 te,
1439 841 1487 906 di·

308 962 358 1035 80
410 983 518 1035 centes
546 967 744 1034 solutionem
766 986 925 1052 μετανοιας
948 987 1071 1032 raneos
1092 969 1215 1048 σοφιις.
1259 957 1353 1024 Nunc
1380 959 1487 1044 igitur,

408 1086 455 1150 mi
472 1082 612 1158 domine,
636 1079 676 1148 de
692 1078 855 1145 solutione
877 1079 1036 1164 septimae
1052 1082 1212 1160 μεταναιης
1232 1097 1356 1142 rancor
1375 1080 1488 1158 raptae
1508 1093 1523 1132 s

409 1210 470 1262 tua
494 1199 541 1261 vis
563 1195 695 1259 luminis
718 1199 919 1279 επροφητευσι
940 1211 1000 1277 per
1021 1187 1183 1254 Davidem
1205 1187 1417 1276 prophetam,
1440 1183 1487 1249 di·

412 1331 487 1376 cens
514 1309 577 1376 hoc
606 1305 706 1371 modo
736 1307 772 1370 in
799 1307 955 1370 vicesimo
984 1307 1102 1396 quarto
1131 1302 1279 1367 Psalmo:
1316 1300 1487 1377 „Domina

411 1422 528 1503 sustuli
552 1443 660 1486 meam
681 1415 793 1506 ψυχην
816 1439 948 1483 sursum
971 1415 1014 1482 ad
1036 1430 1084 1492 te,
1108 1419 1153 1480 mi
1177 1415 1266 1481 deus.
1309 1413 1409 1479 Posui
1433 1434 1487 1476 cor

411 1557 524 1602 mcum
545 1538 580 1600 in
602 1549 644 1599 te.
689 1532 813 1598 Nefas
836 1554 888 1596 me
912 1530 999 1596 affici
1020 1530 1163 1619 pudore,
1192 1551 1232 1594 ne
1256 1525 1346 1616 (code)
1368 1529 1488 1590 iuimid

411 1654 477 1718 mei
504 1648 662 1714 illudente
691 1647 786 1723 mibi,
821 1673 873 1713 aar
896 1672 957 1733 pap
985 1647 1226 1731 unusquisque,
1256 1646 1417 1727 ύπομεινων
1439 1654 1487 1716 te,
1515 1663 1542 1704 re

411 1759 540 1853 p'udore
568 1761 658 1828 haud
688 1760 881 1826 afficientur.
925 1758 1120 1826 afficientur
1154 1756 1283 1845 pudore
1317 1779 1489 1840 ανομιυπις

414 1881 483 1946 sine
507 1899 614 1944 causa.
659 1877 816 1952 Domine,
850 1888 1001 1940 monstra
1029 1873 1109 1938 mihi
1132 1874 1203 1936 vias
1233 1885 1323 1948 tuas,
1354 1883 1388 1934 et
1410 1869 1490 1934 doce

413 2014 468 2059 ms
490 2007 550 2056 tua
577 1991 650 2058 loca
681 1990 788 2056 eundi.
833 1989 944 2055 Indica
970 1987 1050 2054 mihi
1076 1989 1167 2052 viam
1195 1989 1230 2051 in
1257 1987 1386 2049 tramite
1414 1997 1491 2048 tuae

399 2109 577 2182 ueritatis,
608 2118 641 2170 et
664 2103 782 2169 doceas
804 2127 874 2182 mc,
903 2102 994 2191 quod
1016 2115 1056 2166 tu
1077 2123 1170 2166 meus
1194 2099 1288 2176 deus,
1316 2119 1409 2164 meus
1433 2124 1491 2164 ru-

414 2245 481 2303 τηρ,
512 2222 650 2302 tropaeo
678 2233 710 2283 te
735 2216 822 2282 diem
849 2231 975 2294 totmn3
1005 2214 1178 2281 recordare
1205 2228 1339 2278 tuarum
1365 2214 1490 2276 miseri·
1518 2234 1544 2275 rs

416 2331 612 2409 eordiarum,
636 2330 783 2408 domine,
808 2344 841 2396 et
854 2344 997 2404 ,tuarum
1020 2331 1279 2418 clementiarum,
1304 2327 1395 2413 quod
1416 2339 1492 2390 sunt

415 2445 491 2511 inde
516 2444 557 2510 ab
582 2448 783 2511 aeternitate.
813 2444 1028 2510 Peccatorum
1049 2467 1144 2510 meae
1167 2441 1322 2508 infantiae
1347 2455 1381 2506 et
1399 2461 1492 2504 meae

415 2561 618 2647 ignorantiae
642 2582 683 2625 ne
707 2559 760 2624 sac
783 2563 994 2638 memoriam
1017 2557 1190 2625 recordare
1205 2560 1270 2623 mei
1289 2559 1394 2644 ipsam
1410 2579 1493 2620 aare

417 2677 547 2762 sopiam
569 2687 647 2740 tuae
668 2673 910 2740 misericordiae
933 2686 1069 2762 propter
1091 2687 1184 2738 tuam
1206 2696 1409 2756 χρηστοτητα,
1433 2668 1493 2734 do·

415 2790 513 2854 mine.
557 2798 688 2878 Xperrcr
712 2801 745 2853 et
766 2802 875 2854 rectus
906 2801 956 2854 est
979 2787 1147 2863 dominus,
1176 2798 1314 2874 propter
1341 2785 1404 2849 boe
1433 2782 1492 2848 do·
1518 2805 1547 2846 as

418 2901 503 2968 sebit
524 2917 695 2991 peccantes
718 2905 752 2966 in
776 2905 845 2981 via3
880 2901 1036 2968 indicabit
1063 2903 1151 2968 viam
1180 2901 1359 2966 mansuetis
1387 2902 1422 2964 in
1443 2901 1493 2962 iu·

419 3014 518 3094 dicio,
549 3016 680 3083 docebit
701 3030 890 3098 mansuetos
915 3039 991 3082 suas
1013 3019 1093 3080 vias.
1128 3013 1210 3079 Viae
1235 3035 1347 3078 omnes
1371 3011 1495 3078 domini

418 3130 608 3198 clementiae
638 3145 715 3198 sunt
744 3144 777 3197 et
804 3133 924 3196 veritas
953 3127 1185 3216 quaerentibus
1215 3131 1284 3194 eius
1312 3125 1494 3202 beaterum

354 3289 356 3294 ,
419 3258 453 3310 et
475 3248 544 3310 eius
567 3248 763 3310 testimonia
808 3243 949 3332 Propter
976 3257 1073 3308 tuum
1100 3265 1236 3319 nomen,
1267 3240 1413 3318 domine,
1442 3217 1495 3306 re·

418 3362 513 3424 mitte
533 3381 646 3424 meum
669 3371 840 3446 peccatum
861 3357 955 3434 mihi,
988 3356 1079 3444 quod
1101 3357 1281 3444 plurimum
1308 3369 1366 3422 est.
1412 3357 1494 3438 Quis
1520 3377 1549 3418 as

420 3483 471 3536 est
491 3471 592 3534 homo
616 3475 734 3536 timens
758 3470 950 3536 dominum?
991 3471 1176 3536 Constituet
1205 3497 1290 3555 νομον
1314 3473 1344 3535 ei
1370 3473 1406 3534 in
1431 3472 1495 3547 via,

420 3604 521 3668 quam
543 3583 624 3648 vult
669 3584 750 3650 Eius
772 3581 868 3672 ψυχη
893 3586 954 3649 erit
979 3587 1014 3648 in
1037 3585 1176 3671 epodon,
1209 3589 1343 3672 eiusque
1373 3611 1496 3669 σπιρμο

419 3705 630 3782 stupescant-u
652 3711 783 3763 terram.
829 3697 990 3764 Dominus
1014 3713 1064 3764 est
1085 3699 1329 3766 firmamentum
1351 3699 1417 3776 his,
1440 3701 1497 3784 qui

418 3811 536 3878 timent
559 3831 644 3890 eum,
668 3827 701 3878 et
722 3835 844 3878 nomen
868 3811 991 3878 domini
1015 3813 1105 3902 apud
1126 3815 1187 3882 hos
1211 3828 1274 3891 est,
1301 3815 1357 3900 qui
1381 3815 1497 3878 timent

421 3945 498 3992 eum
521 3925 564 3992 ad
585 3927 835 3996 monstrandam
857 3930 895 3994 iis
926 3950 1020 3994 suam
1042 3925 1187 4004 ὃιαθηκην.
1234 3927 1332 3994 Oculi
1360 3930 1426 3992 mei
1447 3928 1497 3990 in·
1522 3949 1551 3992 se

420 4051 556 4108 tuentur
577 4044 612 4108 in
635 4041 805 4108 dominum
829 4045 918 4108 omni
941 4055 1104 4131 tempore,
1129 4042 1219 4129 quod
1241 4045 1311 4131 ipse
1328 4039 1499 4108 extricabit

504 4286 553 4347 18.
583 4288 674 4368 ipsam
702 4295 759 4369 (tu.
792 4290 869 4351 Vide
889 4301 990 4351 notam
1019 4291 1115 4352 textui
1144 4289 1305 4352 subiectam
1333 4289 1383 4366 P.)
1446 4287 1497 4346 23.

422 4383 490 4446 loco
512 4405 570 4446 ner
592 4407 675 4464 {urus
697 4390 857 4473 legendum
878 4393 901 4448 fi
923 4411 980 4450 ner
1002 4410 1085 4474 grue
1108 4391 1139 4451 S.
