3254 5340
638 442 705 514 135

130 637 332 715 quapropter
362 622 470 692 iactae
506 626 571 690 sint
602 623 715 691 stallae
745 623 825 692 caeli
856 639 956 716 atquc
985 631 1085 696 ctiam
1114 626 1208 700 datan

130 752 289 830 φωστηρων
313 753 347 805 ct
370 753 575 827 quapropter
597 739 723 804 sactum
751 743 793 805 sit
815 763 970 828 στερεωμω
993 746 1127 831 eiusque
1149 771 1206 812 aa·
1245 739 1320 812 213

128 881 357 936 ταπετασμιτα
389 857 517 932 omnia3
554 867 587 920 et
613 881 770 940 μυστηριον
799 854 882 922 illud
911 861 1093 944 cognoscit,
1127 883 1206 945 qua-

129 983 263 1058 propter
290 968 369 1034 facti
398 981 475 1033 sunt
502 994 644 1053 αρχοντες
663 978 799 1056 σφαιρων
829 983 862 1034 ct
890 987 1091 1059 quapropter
1120 973 1208 1040 facta

76 1109 91 1148 a
130 1087 172 1149 sit
194 1094 313 1170 σφαιρω
338 1085 474 1168 eiusque
495 1107 581 1150 τυποι
605 1105 733 1161 omncs3
757 1096 790 1148 ct
811 1109 968 1170 μυστηριον
983 1086 1065 1151 illud
1087 1109 1206 1174 cogno·

130 1202 203 1274 scit,
232 1210 434 1286 quapropter
457 1196 535 1262 facti
558 1198 623 1261 sint
645 1222 787 1280 αρχοντες
805 1225 913 1264 ainans
941 1211 976 1262 et
1004 1214 1207 1288 quapropter

129 1312 207 1376 facti
235 1315 299 1376 sint
326 1337 426 1383 atuvsc
454 1332 635 1397 eorumque
663 1335 950 1394 καταππασμοιτιις
986 1326 1019 1377 et
1048 1341 1206 1400 μυστηριον

130 1425 212 1489 illud
235 1428 411 1511 cognoscit,
446 1438 648 1512 quapropter
671 1424 748 1488 sacti
772 1429 837 1489 sint
865 1451 1007 1512 αρχοντες
1026 1453 1135 1494 otnant
1152 1454 1205 1496 τυ-

130 1565 236 1626 patant
260 1551 293 1604 et
315 1552 514 1626 quapropter
537 1538 615 1603 facti
644 1541 709 1603 sint
735 1565 878 1622 αρχοντες
896 1565 1142 1622 anonomaston
1173 1555 1206 1608 et

77 1678 104 1720 so
130 1680 287 1738 μυστηριον
309 1652 389 1717 illud
412 1655 592 1740 cognoscit,
622 1667 824 1740 quapropter
851 1651 928 1718 facti
956 1656 1022 1718 sint
1043 1668 1206 1742 λειτουργοι

129 1781 164 1832 et
186 1779 389 1854 quapropter
411 1766 489 1830 facti
512 1770 578 1830 sint
600 1765 726 1844 danaim
751 1780 784 1831 ct
804 1792 961 1852 μυστηριον
982 1767 1064 1833 illud
1085 1790 1204 1856 cogno·

129 1885 204 1958 scit,
236 1896 438 1970 quapropter
468 1881 546 1946 facti
577 1883 641 1945 sint
671 1895 801 1966 ιγγιλοι
833 1894 866 1946 et
890 1897 1097 1970 ‚quapropter
1126 1882 1205 1948 facti

129 1999 194 2060 sint
216 2015 428 2082 ωρχωγγελοις
458 2009 492 2060 ct
512 2021 668 2080 μυπηριον
691 1994 772 2060 illud
796 2000 975 2082 cognoscit,
1003 2010 1205 2086 quapropter

130 2109 208 2174 sacti
232 2111 296 2172 siut
319 2109 455 2186 domini,
479 2123 512 2174 et
535 2124 736 2198 quapropter
759 2110 837 2174 facti
861 2113 925 2175 sint
948 2110 1008 2188 dii;
1033 2123 1066 2174 ot
1087 2137 1204 2194 μυστη-
1240 2145 1253 2166 ι

78 2249 105 2290 u
132 2251 189 2308 ρων
211 2221 292 2287 illud
316 2225 481 2309 cognovit,
509 2239 710 2312 quapropter
734 2228 832 2292 etiam
853 2224 942 2290 facta
964 2228 1006 2290 sit
1028 2224 1205 2290 aemulatio

129 2339 163 2402 in
187 2336 356 2402 altitudine
380 2349 413 2402 ct
436 2352 637 2426 quapropter
661 2341 759 2403 ctiam
782 2338 889 2404 factus
913 2343 955 2404 sit
977 2339 1203 2404 aemulationis

128 2452 289 2530 defectum
314 2465 347 2516 ct
368 2477 526 2537 μυστηριον
548 2452 630 2517 illud
653 2455 831 2541 cognoscit,
855 2466 1056 2542 quapropter
1078 2452 1205 2520 factum

128 2570 170 2632 sit
201 2567 314 2632 odium
344 2579 378 2631 ct
406 2580 610 2653 quapropter
640 2566 747 2632 factus
778 2570 819 2632 sit
848 2589 955 2646 amor,
991 2580 1025 2632 ct
1045 2591 1203 2654 μυστηριον

128 2680 210 2744 illud
233 2684 411 2767 cognoscit,
438 2694 639 2768 quapropter
662 2680 787 2758 factum
810 2684 852 2746 sit
874 2681 1043 2746 dissidium
1066 2694 1100 2748 ct
1122 2704 1203 2768 qua-

75 2819 102 2860 st
129 2807 266 2882 propter
288 2792 376 2858 lacta
398 2797 440 2858 sit
461 2795 691 2872 reconciliatio,
714 2808 748 2859 ct
761 2821 917 2879 μυστηριον
932 2796 1013 2861 illud
1029 2797 1203 2882 cognoscit,

130 2922 333 2995 quapropter
367 2907 454 2973 facta
488 2913 530 2974 sit
564 2911 702 2973 avaritia
736 2921 769 2972 et
804 2922 1006 2996 quapropter
1040 2908 1128 2986 fucta
1161 2911 1203 2974 sit
1240 2896 1315 2972 914

129 3050 271 3106 αποταγη
294 3025 341 3088 rai
364 3025 484 3099 omnis,
508 3036 541 3086 ct
563 3034 765 3110 quapropter
795 3021 901 3086 factus
931 3023 973 3084 sit
1003 3043 1096 3086 amor
1125 3047 1202 3106 χρη-

126 3162 239 3224 paraq
273 3151 306 3202 ct
328 3164 484 3222 μυστηριον
506 3137 588 3202 illud
611 3139 791 3223 cognoscit,
823 3148 1024 3223 quapropter
1051 3133 1139 3198 facta
1161 3137 1203 3200 sit

129 3251 288 3338 cupiditas
311 3250 588 3338 impinguesccndi
612 3265 645 3314 ct
659 3263 862 3338 quapropter
885 3249 971 3314 sacta
994 3251 1035 3313 sit
1053 3250 1202 3328 satietas3

75 3390 103 3430 ss
131 3378 164 3430 ct
185 3391 340 3448 μυστηριον
363 3363 444 3430 illud
468 3368 648 3451 cognoscit,
672 3378 873 3452 quapropter
893 3363 969 3428 sacti
985 3365 1050 3428 sint
1063 3363 1203 3450 συνζυγοι

130 3491 164 3544 et
187 3493 386 3567 quapropter
409 3479 487 3543 facti
502 3479 743 3567 χωριςαυνζυγοι;
767 3493 802 3544 ct
814 3505 971 3563 μυστηριον
985 3478 1067 3544 illud
1083 3501 1203 3566 coguo-

128 3596 204 3669 scit,
234 3607 435 3680 quapropter
462 3591 548 3658 sacta
579 3597 621 3658 sit
646 3597 796 3683 impietas
823 3608 856 3660 ct
884 3607 1087 3684 quapropter
1115 3593 1204 3660 facta

127 3708 257 3774 dilectio
282 3707 350 3786 dci;
375 3721 408 3772 ct
430 3734 586 3792 μυστηρων
600 3708 683 3774 illud
706 3713 880 3797 cognoscit,
905 3723 1105 3798 quapropter
1124 3708 1203 3772 facti

51 3879 53 3882 .
128 3824 195 3884 sint
217 3831 367 3905 dompne
390 3835 423 3886 ct
446 3838 646 3911 quapropter
670 3824 747 3888 sacti
769 3828 833 3888 sint
853 3823 1008 3908 σπινθηρεςς
1031 3836 1064 3886 ct
1085 3845 1202 3902 unm·

75 3958 103 4000 at
129 3959 187 4020 ρων
215 3933 296 3998 illud
323 3940 501 4022 cognoscit,
535 3952 735 4025 quapropter
762 3937 839 4002 facti
867 3939 932 3999 sint
959 3931 1143 4014 τριδυναμεις
1170 3944 1204 3997 ct

131 4061 333 4134 quapropter
355 4049 432 4115 facti
455 4054 519 4116 sint
542 4074 675 4135 ιορατοις
700 4063 732 4114 ct
753 4075 909 4133 μυστηριον
932 4045 1013 4110 illud
1029 4047 1204 4132 cognoscit,
1256 4023 1270 4046 ’

129 4175 333 4250 quapropter
355 4163 433 4230 sacti
457 4169 522 4232 sint
543 4189 720 4250 spaxanpac
747 4177 780 4228 ct
803 4173 1003 4249 quapropter
1032 4159 1109 4224 facti
1139 4162 1204 4226 sint

127 4291 298 4364 ιιλιιρινιιςς
328 4293 362 4346 ct
382 4308 540 4370 μυστηρων
562 4279 643 4345 illud
666 4280 846 4366 cognoscit,
874 4289 1074 4364 quapropter
1096 4275 1203 4342 factus

129 4395 172 4458 sit
193 4417 333 4482 magnus
361 4393 494 4473 andnim
520 4407 555 4464 ct
577 4406 777 4486 quapropter
803 4391 882 4458 sacti
910 4394 975 4460 sint
1001 4393 1070 4460 eius
1092 4413 1205 4469 πιποις
