<?xml version="1.0" encoding="UTF-8"?>
<!DOCTYPE html PUBLIC "-//W3C//DTD XHTML 1.0 Transitional//EN"
    "http://www.w3.org/TR/xhtml1/DTD/xhtml1-transitional.dtd">
<html xmlns="http://www.w3.org/1999/xhtml" xml:lang="en" lang="en">
 <head>
  <title>
</title>
<meta http-equiv="Content-Type" content="text/html;charset=utf-8" />
  <meta name='ocr-system' content='tesseract 3.04.00' />
  <meta name='ocr-capabilities' content='ocr_page ocr_carea ocr_par ocr_line ocrx_word'/>
</head>
<body>
  <div class='ocr_page' id='page_1' title='image "./pistissophiaopu00petegoog_0519.png"; bbox 0 0 3254 5340; ppageno 0'>
   <div class='ocr_carea' id='block_1_1' title="bbox 305 607 1550 4106">
    <p class='ocr_par' dir='ltr' id='par_1_1' title="bbox 305 607 1550 4106">
     <span class='ocr_line' id='line_1_1' title="bbox 419 607 1495 698; baseline -0.005 -19"><span class='ocrx_word' id='word_1_1' title='bbox 419 635 493 684; x_wconf 72' lang='lat' dir='ltr'><strong>aaut</strong></span> <span class='ocrx_word' id='word_1_2' title='bbox 513 607 684 680; x_wconf 84' lang='lat' dir='ltr'><strong>inleriorea</strong></span> <span class='ocrx_word' id='word_1_3' title='bbox 696 607 806 688; x_wconf 85' lang='lat' dir='ltr'><strong>ebaus,</strong></span> <span class='ocrx_word' id='word_1_4' title='bbox 822 621 856 676; x_wconf 90' lang='lat' dir='ltr'><strong>et</strong></span> <span class='ocrx_word' id='word_1_5' title='bbox 869 610 989 676; x_wconf 86' lang='lat' dir='ltr'><strong>iterum</strong></span> <span class='ocrx_word' id='word_1_6' title='bbox 1003 608 1242 698; x_wconf 82' lang='lat' dir='ltr'><strong>perturbanmt</strong></span> <span class='ocrx_word' id='word_1_7' title='bbox 1255 628 1331 675; x_wconf 84' lang='lat' dir='ltr'><strong>eam</strong></span> <span class='ocrx_word' id='word_1_8' title='bbox 1343 611 1495 676; x_wconf 85' lang='lat' dir='ltr'><strong>maxime.</strong></span> 
     </span>
     <span class='ocr_line' id='line_1_2' title="bbox 418 722 1496 812; baseline -0.002 -22"><span class='ocrx_word' id='word_1_9' title='bbox 418 723 558 791; x_wconf 85' lang='lat' dir='ltr'><strong>Factum</strong></span> <span class='ocrx_word' id='word_1_10' title='bbox 579 728 678 812; x_wconf 84' lang='lat' dir='ltr'><strong>igitur</strong></span> <span class='ocrx_word' id='word_1_11' title='bbox 701 738 767 802; x_wconf 87' lang='lat' dir='ltr'><strong>est,</strong></span> <span class='ocrx_word' id='word_1_12' title='bbox 790 747 894 811; x_wconf 91' lang='lat' dir='ltr'><strong>quum</strong></span> <span class='ocrx_word' id='word_1_13' title='bbox 916 723 1149 812; x_wconf 77' lang='lat' dir='ltr'><strong>perturbarent</strong></span> <span class='ocrx_word' id='word_1_14' title='bbox 1171 747 1260 800; x_wconf 89' lang='lat' dir='ltr'><strong>eam,</strong></span> <span class='ocrx_word' id='word_1_15' title='bbox 1290 722 1418 811; x_wconf 79' lang='lat' dir='ltr'><strong>fugiens</strong></span> <span class='ocrx_word' id='word_1_16' title='bbox 1441 745 1496 788; x_wconf 86' lang='lat' dir='ltr'><strong>eas</strong></span> 
     </span>
     <span class='ocr_line' id='line_1_3' title="bbox 419 839 1497 926; baseline -0.005 -20"><span class='ocrx_word' id='word_1_17' title='bbox 419 843 566 906; x_wconf 86' lang='lat' dir='ltr'><strong>venitin</strong></span> <span class='ocrx_word' id='word_1_18' title='bbox 593 863 700 911; x_wconf 71' lang='lat' dir='ltr'><strong>vastus</strong></span> <span class='ocrx_word' id='word_1_19' title='bbox 726 843 910 926; x_wconf 82' lang='lat' dir='ltr'>superiores</span> <span class='ocrx_word' id='word_1_20' title='bbox 934 839 1047 915; x_wconf 91' lang='lat' dir='ltr'><strong>chaus,</strong></span> <span class='ocrx_word' id='word_1_21' title='bbox 1076 850 1177 924; x_wconf 90' lang='lat' dir='ltr'><strong>atque</strong></span> <span class='ocrx_word' id='word_1_22' title='bbox 1205 851 1395 925; x_wconf 79' lang='lat' dir='ltr'><strong>persecutae</strong></span> <span class='ocrx_word' id='word_1_23' title='bbox 1423 859 1497 903; x_wconf 90' lang='lat' dir='ltr'><strong>eam</strong></span> 
     </span>
     <span class='ocr_line' id='line_1_4' title="bbox 418 950 1497 1039; baseline -0.005 -19"><span class='ocrx_word' id='word_1_24' title='bbox 418 953 569 1039; x_wconf 67' lang='grc' dir='ltr'><strong>προβολαι</strong></span> <span class='ocrx_word' id='word_1_25' title='bbox 589 952 736 1022; x_wconf 74' lang='lat' dir='ltr'><strong>eulslruc</strong></span> <span class='ocrx_word' id='word_1_26' title='bbox 758 951 994 1039; x_wconf 77' lang='lat' dir='ltr'><strong>perturbarunt</strong></span> <span class='ocrx_word' id='word_1_27' title='bbox 1008 973 1081 1016; x_wconf 88' lang='lat' dir='ltr'><strong>eam</strong></span> <span class='ocrx_word' id='word_1_28' title='bbox 1095 950 1202 1016; x_wconf 86' lang='lat' dir='ltr'><strong>valde.</strong></span> <span class='ocrx_word' id='word_1_29' title='bbox 1246 950 1384 1014; x_wconf 86' lang='lat' dir='ltr'><strong>Factum</strong></span> <span class='ocrx_word' id='word_1_30' title='bbox 1399 953 1497 1038; x_wconf 83' lang='lat' dir='ltr'><strong>igitur</strong></span> 
     </span>
     <span class='ocr_line' id='line_1_5' title="bbox 367 1064 1546 1154; baseline -0.008 -22"><span class='ocrx_word' id='word_1_31' title='bbox 367 1076 392 1114; x_wconf 50' lang='grc' dir='ltr'><strong>’ἱ</strong></span> <span class='ocrx_word' id='word_1_32' title='bbox 420 1079 479 1143; x_wconf 87' lang='lat' dir='ltr'><strong>est,</strong></span> <span class='ocrx_word' id='word_1_33' title='bbox 501 1066 679 1154; x_wconf 89' lang='lat' dir='ltr'><strong>posthaec</strong></span> <span class='ocrx_word' id='word_1_34' title='bbox 703 1064 850 1152; x_wconf 81' lang='lat' dir='ltr'><strong>despexit</strong></span> <span class='ocrx_word' id='word_1_35' title='bbox 872 1087 889 1128; x_wconf 89' lang='lat' dir='ltr'><strong>e</strong></span> <span class='ocrx_word' id='word_1_36' title='bbox 913 1064 1086 1130; x_wconf 88' lang='lat' dir='ltr'><strong>duodecim</strong></span> <span class='ocrx_word' id='word_1_37' title='bbox 1109 1090 1210 1132; x_wconf 71' lang='lat' dir='ltr'><strong>seusu</strong></span> <span class='ocrx_word' id='word_1_38' title='bbox 1230 1064 1375 1129; x_wconf 80' lang='lat' dir='ltr'><strong>Adamas</strong></span> <span class='ocrx_word' id='word_1_39' title='bbox 1391 1091 1496 1147; x_wconf 71' lang='lat' dir='ltr'><strong>rupae-</strong></span> <span class='ocrx_word' id='word_1_40' title='bbox 1533 1084 1546 1123; x_wconf 86' lang='lat' dir='ltr'><strong>s</strong></span> 
     </span>
     <span class='ocr_line' id='line_1_6' title="bbox 420 1178 1497 1266; baseline -0.001 -22"><span class='ocrx_word' id='word_1_41' title='bbox 420 1205 473 1256; x_wconf 78' lang='grc' dir='ltr'><strong>νος,</strong></span> <span class='ocrx_word' id='word_1_42' title='bbox 497 1182 553 1264; x_wconf 92' lang='lat' dir='ltr'><strong>qui</strong></span> <span class='ocrx_word' id='word_1_43' title='bbox 577 1182 675 1243; x_wconf 88' lang='lat' dir='ltr'><strong>etiam</strong></span> <span class='ocrx_word' id='word_1_44' title='bbox 697 1181 880 1242; x_wconf 81' lang='lat' dir='ltr'><strong>succensuit</strong></span> <span class='ocrx_word' id='word_1_45' title='bbox 895 1205 990 1245; x_wconf 75' lang='lat' dir='ltr'><strong>aaran</strong></span> <span class='ocrx_word' id='word_1_46' title='bbox 1010 1189 1117 1265; x_wconf 65' lang='grc' dir='ltr'><em>σοῲιφ,</em></span> <span class='ocrx_word' id='word_1_47' title='bbox 1139 1191 1316 1266; x_wconf 88' lang='lat' dir='ltr'><strong>propterca</strong></span> <span class='ocrx_word' id='word_1_48' title='bbox 1332 1178 1422 1265; x_wconf 92' lang='lat' dir='ltr'><strong>quod</strong></span> <span class='ocrx_word' id='word_1_49' title='bbox 1436 1201 1497 1243; x_wconf 78' lang='lat' dir='ltr'><strong>vo·</strong></span> 
     </span>
     <span class='ocr_line' id='line_1_7' title="bbox 308 1291 1497 1378; baseline 0 -23"><span class='ocrx_word' id='word_1_50' title='bbox 308 1291 380 1370; x_wconf 86' lang='grc'><strong>137</strong></span> <span class='ocrx_word' id='word_1_51' title='bbox 419 1291 510 1358; x_wconf 88' lang='lat' dir='ltr'><strong>lebat</strong></span> <span class='ocrx_word' id='word_1_52' title='bbox 531 1294 642 1356; x_wconf 84' lang='lat' dir='ltr'><strong>venire</strong></span> <span class='ocrx_word' id='word_1_53' title='bbox 666 1291 708 1356; x_wconf 88' lang='lat' dir='ltr'><strong>ad</strong></span> <span class='ocrx_word' id='word_1_54' title='bbox 725 1291 836 1357; x_wconf 88' lang='lat' dir='ltr'><strong>lumen</strong></span> <span class='ocrx_word' id='word_1_55' title='bbox 850 1291 1023 1369; x_wconf 89' lang='lat' dir='ltr'><strong>luminum,</strong></span> <span class='ocrx_word' id='word_1_56' title='bbox 1047 1291 1137 1378; x_wconf 89' lang='lat' dir='ltr'><strong>quod</strong></span> <span class='ocrx_word' id='word_1_57' title='bbox 1160 1305 1330 1378; x_wconf 88' lang='lat' dir='ltr'><strong>estsuper</strong></span> <span class='ocrx_word' id='word_1_58' title='bbox 1353 1313 1410 1356; x_wconf 89' lang='lat' dir='ltr'><strong>eos</strong></span> <span class='ocrx_word' id='word_1_59' title='bbox 1426 1314 1497 1356; x_wconf 93' lang='lat' dir='ltr'><strong>om-</strong></span> 
     </span>
     <span class='ocr_line' id='line_1_8' title="bbox 419 1405 1496 1492; baseline -0.001 -21"><span class='ocrx_word' id='word_1_60' title='bbox 419 1429 487 1480; x_wconf 89' lang='lat' dir='ltr'><strong>nes,</strong></span> <span class='ocrx_word' id='word_1_61' title='bbox 510 1419 646 1492; x_wconf 90' lang='lat' dir='ltr'><strong>propter</strong></span> <span class='ocrx_word' id='word_1_62' title='bbox 667 1405 731 1469; x_wconf 94' lang='lat' dir='ltr'><strong>hoc</strong></span> <span class='ocrx_word' id='word_1_63' title='bbox 746 1405 947 1470; x_wconf 85' lang='lat' dir='ltr'><strong>irascebatur</strong></span> <span class='ocrx_word' id='word_1_64' title='bbox 963 1408 1002 1470; x_wconf 91' lang='lat' dir='ltr'><strong>ei.</strong></span> <span class='ocrx_word' id='word_1_65' title='bbox 1046 1406 1183 1469; x_wconf 84' lang='lat' dir='ltr'><strong>Factum</strong></span> <span class='ocrx_word' id='word_1_66' title='bbox 1199 1407 1297 1492; x_wconf 85' lang='lat' dir='ltr'><strong>igitur</strong></span> <span class='ocrx_word' id='word_1_67' title='bbox 1313 1417 1371 1480; x_wconf 74' lang='lat' dir='ltr'><strong>est,</strong></span> <span class='ocrx_word' id='word_1_68' title='bbox 1393 1427 1496 1491; x_wconf 88' lang='lat' dir='ltr'><strong>quum</strong></span> 
     </span>
     <span class='ocr_line' id='line_1_9' title="bbox 417 1517 1496 1606; baseline -0.001 -21"><span class='ocrx_word' id='word_1_69' title='bbox 417 1517 562 1585; x_wconf 83' lang='lat' dir='ltr'><strong>Adamas</strong></span> <span class='ocrx_word' id='word_1_70' title='bbox 585 1546 719 1604; x_wconf 73' lang='grc' dir='ltr'><strong>τυραννος</strong></span> <span class='ocrx_word' id='word_1_71' title='bbox 741 1518 941 1606; x_wconf 81' lang='lat' dir='ltr'><strong>despexisset</strong></span> <span class='ocrx_word' id='word_1_72' title='bbox 963 1540 981 1585; x_wconf 92' lang='lat' dir='ltr'><strong>e</strong></span> <span class='ocrx_word' id='word_1_73' title='bbox 1001 1517 1174 1584; x_wconf 89' lang='lat' dir='ltr'><strong>duodecim</strong></span> <span class='ocrx_word' id='word_1_74' title='bbox 1193 1545 1301 1593; x_wconf 73' lang='lat' dir='ltr'><strong>erosas,</strong></span> <span class='ocrx_word' id='word_1_75' title='bbox 1323 1518 1408 1582; x_wconf 89' lang='lat' dir='ltr'><strong>vidit</strong></span> <span class='ocrx_word' id='word_1_76' title='bbox 1426 1545 1496 1600; x_wconf 78' lang='grc' dir='ltr'><strong>προ-</strong></span> 
     </span>
     <span class='ocr_line' id='line_1_10' title="bbox 418 1631 1545 1721; baseline -0.004 -25"><span class='ocrx_word' id='word_1_77' title='bbox 418 1633 519 1712; x_wconf 68' lang='lat' dir='ltr'><strong>esaar</strong></span> <span class='ocrx_word' id='word_1_78' title='bbox 538 1633 686 1704; x_wconf 67' lang='lat' dir='ltr'><strong>eudelane</strong></span> <span class='ocrx_word' id='word_1_79' title='bbox 708 1632 887 1720; x_wconf 83' lang='lat' dir='ltr'><strong>affligentes</strong></span> <span class='ocrx_word' id='word_1_80' title='bbox 910 1659 1005 1700; x_wconf 72' lang='lat' dir='ltr'><strong>aaran</strong></span> <span class='ocrx_word' id='word_1_81' title='bbox 1020 1642 1141 1721; x_wconf 69' lang='lat' dir='ltr'><strong>sopior,</strong></span> <span class='ocrx_word' id='word_1_82' title='bbox 1163 1631 1370 1719; x_wconf 89' lang='lat' dir='ltr'><strong>usquedum</strong></span> <span class='ocrx_word' id='word_1_83' title='bbox 1385 1631 1494 1698; x_wconf 81' lang='lat' dir='ltr'><strong>auser·</strong></span> <span class='ocrx_word' id='word_1_84' title='bbox 1521 1652 1545 1692; x_wconf 83' lang='lat' dir='ltr'><strong>n</strong></span> 
     </span>
     <span class='ocr_line' id='line_1_11' title="bbox 419 1745 1497 1833; baseline -0.002 -21"><span class='ocrx_word' id='word_1_85' title='bbox 419 1760 495 1812; x_wconf 87' lang='lat' dir='ltr'><strong>rent</strong></span> <span class='ocrx_word' id='word_1_86' title='bbox 516 1747 641 1812; x_wconf 91' lang='lat' dir='ltr'><strong>lumina</strong></span> <span class='ocrx_word' id='word_1_87' title='bbox 665 1751 775 1812; x_wconf 91' lang='lat' dir='ltr'><strong>omnia</strong></span> <span class='ocrx_word' id='word_1_88' title='bbox 797 1750 832 1811; x_wconf 91' lang='lat' dir='ltr'><strong>in</strong></span> <span class='ocrx_word' id='word_1_89' title='bbox 855 1771 903 1812; x_wconf 88' lang='lat' dir='ltr'><strong>ea.</strong></span> <span class='ocrx_word' id='word_1_90' title='bbox 946 1746 1084 1811; x_wconf 86' lang='lat' dir='ltr'><strong>Factum</strong></span> <span class='ocrx_word' id='word_1_91' title='bbox 1107 1746 1139 1812; x_wconf 69' lang='lat' dir='ltr'><strong>Aa</strong></span> <span class='ocrx_word' id='word_1_92' title='bbox 1162 1759 1221 1822; x_wconf 69' lang='lat' dir='ltr'><strong>est,</strong></span> <span class='ocrx_word' id='word_1_93' title='bbox 1245 1769 1348 1833; x_wconf 90' lang='lat' dir='ltr'><strong>quum</strong></span> <span class='ocrx_word' id='word_1_94' title='bbox 1370 1745 1497 1830; x_wconf 69' lang='grc' dir='ltr'><strong>δυναμις</strong></span> 
     </span>
     <span class='ocr_line' id='line_1_12' title="bbox 419 1859 1496 1944; baseline 0 -18"><span class='ocrx_word' id='word_1_95' title='bbox 419 1860 567 1926; x_wconf 81' lang='lat' dir='ltr'><strong>Adamas</strong></span> <span class='ocrx_word' id='word_1_96' title='bbox 591 1861 809 1928; x_wconf 89' lang='lat' dir='ltr'><strong>descendisset</strong></span> <span class='ocrx_word' id='word_1_97' title='bbox 835 1864 869 1925; x_wconf 93' lang='lat' dir='ltr'><strong>in</strong></span> <span class='ocrx_word' id='word_1_98' title='bbox 892 1861 989 1925; x_wconf 90' lang='lat' dir='ltr'><strong>cbaos</strong></span> <span class='ocrx_word' id='word_1_99' title='bbox 1020 1860 1063 1926; x_wconf 90' lang='lat' dir='ltr'><strong>ad</strong></span> <span class='ocrx_word' id='word_1_100' title='bbox 1084 1861 1240 1944; x_wconf 63' lang='grc' dir='ltr'><strong>προβολας</strong></span> <span class='ocrx_word' id='word_1_101' title='bbox 1263 1883 1375 1924; x_wconf 91' lang='lat' dir='ltr'><strong>omnes</strong></span> <span class='ocrx_word' id='word_1_102' title='bbox 1400 1859 1496 1926; x_wconf 76' lang='lat' dir='ltr'><strong>ande-</strong></span> 
     </span>
     <span class='ocr_line' id='line_1_13' title="bbox 419 1971 1497 2062; baseline -0.002 -22"><span class='ocrx_word' id='word_1_103' title='bbox 419 1971 495 2050; x_wconf 74' lang='lat' dir='ltr'><strong>dtvs,</strong></span> <span class='ocrx_word' id='word_1_104' title='bbox 518 1974 642 2040; x_wconf 87' lang='lat' dir='ltr'><strong>lactum</strong></span> <span class='ocrx_word' id='word_1_105' title='bbox 656 1979 754 2062; x_wconf 85' lang='lat' dir='ltr'><strong>igitur</strong></span> <span class='ocrx_word' id='word_1_106' title='bbox 772 1989 830 2051; x_wconf 87' lang='lat' dir='ltr'><strong>est,</strong></span> <span class='ocrx_word' id='word_1_107' title='bbox 854 1997 957 2061; x_wconf 89' lang='lat' dir='ltr'><strong>quum</strong></span> <span class='ocrx_word' id='word_1_108' title='bbox 972 1972 1118 2058; x_wconf 65' lang='lat' dir='ltr'><strong>deruanus</strong></span> <span class='ocrx_word' id='word_1_109' title='bbox 1133 1973 1214 2036; x_wconf 94' lang='lat' dir='ltr'><strong>illud</strong></span> <span class='ocrx_word' id='word_1_110' title='bbox 1231 1972 1448 2038; x_wconf 87' lang='lat' dir='ltr'><strong>descendisset</strong></span> <span class='ocrx_word' id='word_1_111' title='bbox 1461 1977 1497 2038; x_wconf 86' lang='lat' dir='ltr'><strong>in</strong></span> 
     </span>
     <span class='ocr_line' id='line_1_14' title="bbox 420 2086 1496 2175; baseline 0.002 -25"><span class='ocrx_word' id='word_1_112' title='bbox 420 2087 528 2162; x_wconf 86' lang='lat' dir='ltr'><strong>chaos,</strong></span> <span class='ocrx_word' id='word_1_113' title='bbox 551 2092 731 2175; x_wconf 88' lang='lat' dir='ltr'><strong>prostravit</strong></span> <span class='ocrx_word' id='word_1_114' title='bbox 745 2114 839 2154; x_wconf 71' lang='lat' dir='ltr'><strong>aaran</strong></span> <span class='ocrx_word' id='word_1_115' title='bbox 857 2101 976 2174; x_wconf 69' lang='lat' dir='ltr'><strong>rapiar,</strong></span> <span class='ocrx_word' id='word_1_116' title='bbox 1000 2101 1099 2173; x_wconf 90' lang='lat' dir='ltr'><strong>atque</strong></span> <span class='ocrx_word' id='word_1_117' title='bbox 1119 2090 1169 2151; x_wconf 88' lang='lat' dir='ltr'><strong>vis</strong></span> <span class='ocrx_word' id='word_1_118' title='bbox 1186 2109 1259 2151; x_wconf 89' lang='lat' dir='ltr'><strong>cum</strong></span> <span class='ocrx_word' id='word_1_119' title='bbox 1283 2086 1365 2152; x_wconf 85' lang='lat' dir='ltr'><strong>lacie</strong></span> <span class='ocrx_word' id='word_1_120' title='bbox 1382 2088 1496 2163; x_wconf 87' lang='lat' dir='ltr'><strong>leonis,</strong></span> 
     </span>
     <span class='ocr_line' id='line_1_15' title="bbox 420 2200 1548 2290; baseline -0.004 -26"><span class='ocrx_word' id='word_1_121' title='bbox 420 2213 454 2264; x_wconf 89' lang='lat' dir='ltr'><strong>et</strong></span> <span class='ocrx_word' id='word_1_122' title='bbox 469 2201 565 2264; x_wconf 80' lang='lat' dir='ltr'><strong>facies</strong></span> <span class='ocrx_word' id='word_1_123' title='bbox 582 2205 750 2290; x_wconf 87' lang='lat' dir='ltr'><strong>serpentis,</strong></span> <span class='ocrx_word' id='word_1_124' title='bbox 766 2215 799 2266; x_wconf 89' lang='lat' dir='ltr'><strong>et</strong></span> <span class='ocrx_word' id='word_1_125' title='bbox 814 2201 911 2266; x_wconf 79' lang='lat' dir='ltr'><strong>iacies</strong></span> <span class='ocrx_word' id='word_1_126' title='bbox 928 2204 1086 2288; x_wconf 90' lang='lat' dir='ltr'><strong>serpentis</strong></span> <span class='ocrx_word' id='word_1_127' title='bbox 1098 2200 1247 2276; x_wconf 87' lang='lat' dir='ltr'><strong>basilisci,</strong></span> <span class='ocrx_word' id='word_1_128' title='bbox 1263 2213 1296 2264; x_wconf 93' lang='lat' dir='ltr'><strong>et</strong></span> <span class='ocrx_word' id='word_1_129' title='bbox 1312 2200 1412 2266; x_wconf 86' lang='lat' dir='ltr'><strong>lacies</strong></span> <span class='ocrx_word' id='word_1_130' title='bbox 1424 2203 1496 2280; x_wconf 72' lang='lat' dir='ltr'><strong>dpa-</strong></span> <span class='ocrx_word' id='word_1_131' title='bbox 1523 2220 1548 2260; x_wconf 84' lang='lat' dir='ltr'><strong>rs</strong></span> 
     </span>
     <span class='ocr_line' id='line_1_16' title="bbox 419 2315 1495 2402; baseline 0.002 -24"><span class='ocrx_word' id='word_1_132' title='bbox 419 2337 515 2379; x_wconf 73' lang='grc' dir='ltr'><strong>κοντος</strong></span> <span class='ocrx_word' id='word_1_133' title='bbox 529 2326 628 2397; x_wconf 89' lang='lat' dir='ltr'><strong>atque</strong></span> <span class='ocrx_word' id='word_1_134' title='bbox 642 2317 738 2378; x_wconf 90' lang='lat' dir='ltr'><strong>etiam</strong></span> <span class='ocrx_word' id='word_1_135' title='bbox 752 2315 834 2379; x_wconf 88' lang='lat' dir='ltr'><strong>aliae</strong></span> <span class='ocrx_word' id='word_1_136' title='bbox 846 2317 994 2400; x_wconf 72' lang='grc' dir='ltr'><strong>προβολαι</strong></span> <span class='ocrx_word' id='word_1_137' title='bbox 1014 2337 1127 2380; x_wconf 86' lang='lat' dir='ltr'><strong>omnes</strong></span> <span class='ocrx_word' id='word_1_138' title='bbox 1139 2315 1286 2380; x_wconf 76' lang='lat' dir='ltr'><strong>eolalooc</strong></span> <span class='ocrx_word' id='word_1_139' title='bbox 1301 2315 1495 2402; x_wconf 83' lang='lat' dir='ltr'><strong>permultae,</strong></span> 
     </span>
     <span class='ocr_line' id='line_1_17' title="bbox 420 2425 1497 2514; baseline 0.004 -24"><span class='ocrx_word' id='word_1_140' title='bbox 420 2425 704 2492; x_wconf 88' lang='lat' dir='ltr'><strong>circumdederunt</strong></span> <span class='ocrx_word' id='word_1_141' title='bbox 719 2451 831 2492; x_wconf 89' lang='lat' dir='ltr'><strong>omnes</strong></span> <span class='ocrx_word' id='word_1_142' title='bbox 848 2455 941 2495; x_wconf 72' lang='lat' dir='ltr'><strong>aaran·</strong></span> <span class='ocrx_word' id='word_1_143' title='bbox 952 2439 1064 2514; x_wconf 70' lang='lat' dir='ltr'><strong>capiar</strong></span> <span class='ocrx_word' id='word_1_144' title='bbox 1080 2428 1186 2504; x_wconf 86' lang='lat' dir='ltr'><strong>simul,</strong></span> <span class='ocrx_word' id='word_1_145' title='bbox 1201 2428 1348 2492; x_wconf 83' lang='lat' dir='ltr'><strong>volentes</strong></span> <span class='ocrx_word' id='word_1_146' title='bbox 1366 2429 1497 2494; x_wconf 81' lang='lat' dir='ltr'><strong>aulerrs</strong></span> 
     </span>
     <span class='ocr_line' id='line_1_18' title="bbox 420 2541 1497 2628; baseline 0.004 -24"><span class='ocrx_word' id='word_1_147' title='bbox 420 2542 489 2604; x_wconf 90' lang='lat' dir='ltr'><strong>eius</strong></span> <span class='ocrx_word' id='word_1_148' title='bbox 512 2543 608 2616; x_wconf 88' lang='lat' dir='ltr'><strong>vires,</strong></span> <span class='ocrx_word' id='word_1_149' title='bbox 632 2563 716 2626; x_wconf 90' lang='lat' dir='ltr'><strong>quae</strong></span> <span class='ocrx_word' id='word_1_150' title='bbox 738 2544 773 2604; x_wconf 90' lang='lat' dir='ltr'><strong>in</strong></span> <span class='ocrx_word' id='word_1_151' title='bbox 796 2564 843 2620; x_wconf 89' lang='lat' dir='ltr'><strong>ea,</strong></span> <span class='ocrx_word' id='word_1_152' title='bbox 868 2542 971 2607; x_wconf 86' lang='lat' dir='ltr'><strong>altera</strong></span> <span class='ocrx_word' id='word_1_153' title='bbox 993 2545 1073 2619; x_wconf 84' lang='lat' dir='ltr'><strong>viee,</strong></span> <span class='ocrx_word' id='word_1_154' title='bbox 1097 2556 1194 2628; x_wconf 89' lang='lat' dir='ltr'><strong>atque</strong></span> <span class='ocrx_word' id='word_1_155' title='bbox 1218 2541 1406 2606; x_wconf 83' lang='lat' dir='ltr'><strong>alllixerunt</strong></span> <span class='ocrx_word' id='word_1_156' title='bbox 1426 2569 1497 2608; x_wconf 72' lang='lat' dir='ltr'><strong>aar·</strong></span> 
     </span>
     <span class='ocr_line' id='line_1_19' title="bbox 417 2653 1496 2742; baseline 0.002 -24"><span class='ocrx_word' id='word_1_157' title='bbox 417 2678 460 2718; x_wconf 81' lang='grc' dir='ltr'><strong>τιν</strong></span> <span class='ocrx_word' id='word_1_158' title='bbox 480 2664 592 2738; x_wconf 64' lang='lat' dir='ltr'><strong>caprea</strong></span> <span class='ocrx_word' id='word_1_159' title='bbox 615 2653 795 2719; x_wconf 90' lang='lat' dir='ltr'><strong>admodum</strong></span> <span class='ocrx_word' id='word_1_160' title='bbox 829 2669 862 2721; x_wconf 88' lang='lat' dir='ltr'><strong>et</strong></span> <span class='ocrx_word' id='word_1_161' title='bbox 891 2670 1055 2729; x_wconf 72' lang='grc' dir='ltr'><strong>ηπειλησαν</strong></span> <span class='ocrx_word' id='word_1_162' title='bbox 1081 2658 1119 2721; x_wconf 90' lang='lat' dir='ltr'><strong>ei.</strong></span> <span class='ocrx_word' id='word_1_163' title='bbox 1158 2655 1295 2719; x_wconf 86' lang='lat' dir='ltr'><strong>Factum</strong></span> <span class='ocrx_word' id='word_1_164' title='bbox 1318 2659 1496 2742; x_wconf 85' lang='lat' dir='ltr'><strong>igiturest,</strong></span> 
     </span>
     <span class='ocr_line' id='line_1_20' title="bbox 420 2766 1550 2855; baseline 0 -26"><span class='ocrx_word' id='word_1_165' title='bbox 420 2789 523 2853; x_wconf 90' lang='lat' dir='ltr'><strong>quum</strong></span> <span class='ocrx_word' id='word_1_166' title='bbox 546 2767 727 2855; x_wconf 86' lang='lat' dir='ltr'><strong>affligerent</strong></span> <span class='ocrx_word' id='word_1_167' title='bbox 750 2792 832 2846; x_wconf 88' lang='lat' dir='ltr'><strong>eam,</strong></span> <span class='ocrx_word' id='word_1_168' title='bbox 856 2783 890 2834; x_wconf 90' lang='lat' dir='ltr'><strong>et</strong></span> <span class='ocrx_word' id='word_1_169' title='bbox 912 2792 1014 2855; x_wconf 90' lang='lat' dir='ltr'><strong>quum</strong></span> <span class='ocrx_word' id='word_1_170' title='bbox 1038 2768 1272 2834; x_wconf 84' lang='lat' dir='ltr'><strong>conturbarent</strong></span> <span class='ocrx_word' id='word_1_171' title='bbox 1292 2789 1365 2834; x_wconf 86' lang='lat' dir='ltr'><strong>eam</strong></span> <span class='ocrx_word' id='word_1_172' title='bbox 1387 2766 1494 2844; x_wconf 88' lang='lat' dir='ltr'><strong>valde,</strong></span> <span class='ocrx_word' id='word_1_173' title='bbox 1522 2788 1550 2829; x_wconf 74' lang='lat' dir='ltr'><strong>n</strong></span> 
     </span>
     <span class='ocr_line' id='line_1_21' title="bbox 419 2880 1496 2964; baseline 0.002 -21"><span class='ocrx_word' id='word_1_174' title='bbox 419 2880 614 2946; x_wconf 87' lang='lat' dir='ltr'><strong>exclamavit</strong></span> <span class='ocrx_word' id='word_1_175' title='bbox 640 2885 759 2947; x_wconf 90' lang='lat' dir='ltr'><strong>iterum</strong></span> <span class='ocrx_word' id='word_1_176' title='bbox 783 2883 825 2947; x_wconf 89' lang='lat' dir='ltr'><strong>ad</strong></span> <span class='ocrx_word' id='word_1_177' title='bbox 847 2883 968 2958; x_wconf 87' lang='lat' dir='ltr'><strong>lumen,</strong></span> <span class='ocrx_word' id='word_1_178' title='bbox 999 2897 1033 2946; x_wconf 92' lang='lat' dir='ltr'><strong>et</strong></span> <span class='ocrx_word' id='word_1_179' title='bbox 1060 2887 1233 2964; x_wconf 74' lang='grc' dir='ltr'><strong>ύμνευουσα.</strong></span> <span class='ocrx_word' id='word_1_180' title='bbox 1257 2881 1352 2946; x_wconf 83' lang='lat' dir='ltr'><strong>dixit:</strong></span> <span class='ocrx_word' id='word_1_181' title='bbox 1375 2882 1496 2959; x_wconf 87' lang='lat' dir='ltr'><strong>lumen,</strong></span> 
     </span>
     <span class='ocr_line' id='line_1_22' title="bbox 417 2996 1497 3070; baseline -0.001 -10"><span class='ocrx_word' id='word_1_182' title='bbox 417 3007 456 3060; x_wconf 90' lang='lat' dir='ltr'><strong>tu</strong></span> <span class='ocrx_word' id='word_1_183' title='bbox 479 2996 641 3070; x_wconf 74' lang='grc' dir='ltr'>εβοηθησας</span> <span class='ocrx_word' id='word_1_184' title='bbox 668 2997 757 3061; x_wconf 89' lang='lat' dir='ltr'><strong>mibi.</strong></span> <span class='ocrx_word' id='word_1_185' title='bbox 803 2997 915 3061; x_wconf 92' lang='lat' dir='ltr'><strong>Tuum</strong></span> <span class='ocrx_word' id='word_1_186' title='bbox 937 2996 1050 3061; x_wconf 86' lang='lat' dir='ltr'><strong>lumen</strong></span> <span class='ocrx_word' id='word_1_187' title='bbox 1071 2999 1182 3061; x_wconf 86' lang='lat' dir='ltr'><strong>venito</strong></span> <span class='ocrx_word' id='word_1_188' title='bbox 1211 2999 1245 3060; x_wconf 89' lang='lat' dir='ltr'><strong>in</strong></span> <span class='ocrx_word' id='word_1_189' title='bbox 1267 3016 1334 3070; x_wconf 90' lang='lat' dir='ltr'><strong>me,</strong></span> <span class='ocrx_word' id='word_1_190' title='bbox 1357 3019 1435 3059; x_wconf 91' lang='lat' dir='ltr'><strong>nam</strong></span> <span class='ocrx_word' id='word_1_191' title='bbox 1457 3009 1497 3060; x_wconf 89' lang='lat' dir='ltr'><strong>tu</strong></span> 
     </span>
     <span class='ocr_line' id='line_1_23' title="bbox 420 3108 1496 3198; baseline 0.001 -25"><span class='ocrx_word' id='word_1_192' title='bbox 420 3131 465 3186; x_wconf 86' lang='lat' dir='ltr'><strong>es,</strong></span> <span class='ocrx_word' id='word_1_193' title='bbox 488 3113 544 3195; x_wconf 90' lang='lat' dir='ltr'><strong>qui</strong></span> <span class='ocrx_word' id='word_1_194' title='bbox 567 3113 702 3198; x_wconf 85' lang='lat' dir='ltr'><strong>suscipit</strong></span> <span class='ocrx_word' id='word_1_195' title='bbox 723 3133 776 3176; x_wconf 90' lang='lat' dir='ltr'><strong>me</strong></span> <span class='ocrx_word' id='word_1_196' title='bbox 792 3110 834 3175; x_wconf 92' lang='lat' dir='ltr'><strong>ad</strong></span> <span class='ocrx_word' id='word_1_197' title='bbox 850 3133 893 3186; x_wconf 88' lang='lat' dir='ltr'><strong>se,</strong></span> <span class='ocrx_word' id='word_1_198' title='bbox 917 3125 1015 3196; x_wconf 86' lang='lat' dir='ltr'><strong>atque</strong></span> <span class='ocrx_word' id='word_1_199' title='bbox 1030 3112 1127 3175; x_wconf 89' lang='lat' dir='ltr'><strong>venio</strong></span> <span class='ocrx_word' id='word_1_200' title='bbox 1144 3108 1186 3173; x_wconf 88' lang='lat' dir='ltr'><strong>ad</strong></span> <span class='ocrx_word' id='word_1_201' title='bbox 1201 3123 1243 3184; x_wconf 86' lang='lat' dir='ltr'><strong>te,</strong></span> <span class='ocrx_word' id='word_1_202' title='bbox 1265 3110 1394 3186; x_wconf 77' lang='lat' dir='ltr'><strong>lumem</strong></span> <span class='ocrx_word' id='word_1_203' title='bbox 1418 3132 1496 3174; x_wconf 86' lang='lat' dir='ltr'><strong>nam</strong></span> 
     </span>
     <span class='ocr_line' id='line_1_24' title="bbox 416 3223 1495 3310; baseline 0.001 -23"><span class='ocrx_word' id='word_1_204' title='bbox 416 3234 456 3287; x_wconf 87' lang='lat' dir='ltr'><strong>tu</strong></span> <span class='ocrx_word' id='word_1_205' title='bbox 480 3245 514 3288; x_wconf 88' lang='lat' dir='ltr'><strong>es</strong></span> <span class='ocrx_word' id='word_1_206' title='bbox 536 3225 598 3299; x_wconf 89' lang='lat' dir='ltr'><strong>bic,</strong></span> <span class='ocrx_word' id='word_1_207' title='bbox 622 3227 679 3310; x_wconf 92' lang='lat' dir='ltr'><strong>qui</strong></span> <span class='ocrx_word' id='word_1_208' title='bbox 702 3238 811 3289; x_wconf 90' lang='lat' dir='ltr'><strong>servat</strong></span> <span class='ocrx_word' id='word_1_209' title='bbox 833 3246 886 3288; x_wconf 91' lang='lat' dir='ltr'><strong>me</strong></span> <span class='ocrx_word' id='word_1_210' title='bbox 910 3225 1073 3308; x_wconf 68' lang='grc' dir='ltr'><strong>προβολακ</strong></span> <span class='ocrx_word' id='word_1_211' title='bbox 1093 3223 1250 3298; x_wconf 69' lang='lat' dir='ltr'><strong>solatore,</strong></span> <span class='ocrx_word' id='word_1_212' title='bbox 1273 3238 1372 3308; x_wconf 89' lang='lat' dir='ltr'><strong>atque</strong></span> <span class='ocrx_word' id='word_1_213' title='bbox 1396 3225 1495 3288; x_wconf 89' lang='lat' dir='ltr'><strong>etiam</strong></span> 
     </span>
     <span class='ocr_line' id='line_1_25' title="bbox 416 3334 1548 3423; baseline -0.002 -23"><span class='ocrx_word' id='word_1_214' title='bbox 416 3334 572 3412; x_wconf 82' lang='lat' dir='ltr'><strong>Adamas,</strong></span> <span class='ocrx_word' id='word_1_215' title='bbox 595 3364 746 3416; x_wconf 62' lang='grc' dir='ltr'><strong>τυροινιόυ,Ι</strong></span> <span class='ocrx_word' id='word_1_216' title='bbox 766 3351 864 3423; x_wconf 92' lang='lat' dir='ltr'><strong>atque</strong></span> <span class='ocrx_word' id='word_1_217' title='bbox 887 3351 925 3402; x_wconf 94' lang='lat' dir='ltr'><strong>tu</strong></span> <span class='ocrx_word' id='word_1_218' title='bbox 947 3336 1097 3402; x_wconf 85' lang='lat' dir='ltr'><strong>liberabis</strong></span> <span class='ocrx_word' id='word_1_219' title='bbox 1120 3359 1173 3400; x_wconf 93' lang='lat' dir='ltr'><strong>me</strong></span> <span class='ocrx_word' id='word_1_220' title='bbox 1197 3335 1238 3400; x_wconf 86' lang='lat' dir='ltr'><strong>ab</strong></span> <span class='ocrx_word' id='word_1_221' title='bbox 1261 3339 1330 3400; x_wconf 92' lang='lat' dir='ltr'><strong>eius</strong></span> <span class='ocrx_word' id='word_1_222' title='bbox 1354 3351 1495 3408; x_wconf 62' lang='lat' dir='ltr'><strong>asamar:</strong></span> <span class='ocrx_word' id='word_1_223' title='bbox 1522 3357 1548 3398; x_wconf 80' lang='lat' dir='ltr'><strong>aa</strong></span> 
     </span>
     <span class='ocr_line' id='line_1_26' title="bbox 418 3449 1496 3535; baseline 0.006 -25"><span class='ocrx_word' id='word_1_224' title='bbox 418 3449 579 3524; x_wconf 88' lang='lat' dir='ltr'><strong>omnibus,</strong></span> <span class='ocrx_word' id='word_1_225' title='bbox 604 3449 720 3514; x_wconf 88' lang='lat' dir='ltr'><strong>duris.”</strong></span> <span class='ocrx_word' id='word_1_226' title='bbox 758 3450 846 3514; x_wconf 88' lang='lat' dir='ltr'><strong>Haec</strong></span> <span class='ocrx_word' id='word_1_227' title='bbox 864 3450 894 3516; x_wconf 75' lang='grc' dir='ltr'><strong>δε</strong></span> <span class='ocrx_word' id='word_1_228' title='bbox 911 3473 1014 3535; x_wconf 92' lang='lat' dir='ltr'><strong>quum</strong></span> <span class='ocrx_word' id='word_1_229' title='bbox 1036 3450 1170 3515; x_wconf 84' lang='lat' dir='ltr'><strong>dixisset</strong></span> <span class='ocrx_word' id='word_1_230' title='bbox 1191 3477 1286 3520; x_wconf 74' lang='grc' dir='ltr'>πιστις</span> <span class='ocrx_word' id='word_1_231' title='bbox 1304 3460 1411 3534; x_wconf 68' lang='lat' dir='ltr'><strong>repre,</strong></span> <span class='ocrx_word' id='word_1_232' title='bbox 1431 3477 1496 3516; x_wconf 77' lang='lat' dir='ltr'><strong>sose</strong></span> 
     </span>
     <span class='ocr_line' id='line_1_27' title="bbox 305 3558 1494 3651; baseline 0.008 -31"><span class='ocrx_word' id='word_1_233' title='bbox 305 3558 378 3632; x_wconf 86' lang='lat'><strong>138</strong></span> <span class='ocrx_word' id='word_1_234' title='bbox 416 3561 536 3622; x_wconf 87' lang='lat' dir='ltr'><strong>iterum</strong></span> <span class='ocrx_word' id='word_1_235' title='bbox 558 3582 617 3647; x_wconf 90' lang='lat' dir='ltr'><strong>per</strong></span> <span class='ocrx_word' id='word_1_236' title='bbox 640 3577 774 3626; x_wconf 70' lang='lat' dir='ltr'><strong>astruere</strong></span> <span class='ocrx_word' id='word_1_237' title='bbox 796 3565 859 3625; x_wconf 91' lang='lat' dir='ltr'><strong>mei</strong></span> <span class='ocrx_word' id='word_1_238' title='bbox 883 3567 1001 3649; x_wconf 86' lang='lat' dir='ltr'><strong>patris,</strong></span> <span class='ocrx_word' id='word_1_239' title='bbox 1028 3567 1125 3651; x_wconf 90' lang='lat' dir='ltr'><strong>primi</strong></span> <span class='ocrx_word' id='word_1_240' title='bbox 1147 3590 1318 3646; x_wconf 65' lang='lat' dir='ltr'><strong>percepero,</strong></span> <span class='ocrx_word' id='word_1_241' title='bbox 1340 3567 1494 3651; x_wconf 88' lang='lat' dir='ltr'><strong>introspi-</strong></span> 
     </span>
     <span class='ocr_line' id='line_1_28' title="bbox 417 3673 1494 3748; baseline 0.009 -15"><span class='ocrx_word' id='word_1_242' title='bbox 417 3673 538 3748; x_wconf 80' lang='lat' dir='ltr'><strong>cientis,</strong></span> <span class='ocrx_word' id='word_1_243' title='bbox 562 3676 634 3738; x_wconf 89' lang='lat' dir='ltr'><strong>misi</strong></span> <span class='ocrx_word' id='word_1_244' title='bbox 649 3676 769 3738; x_wconf 89' lang='lat' dir='ltr'><strong>iterum</strong></span> <span class='ocrx_word' id='word_1_245' title='bbox 794 3673 979 3740; x_wconf 85' lang='lat' dir='ltr'><strong>Gabrielem</strong></span> <span class='ocrx_word' id='word_1_246' title='bbox 995 3691 1028 3740; x_wconf 91' lang='lat' dir='ltr'><strong>et</strong></span> <span class='ocrx_word' id='word_1_247' title='bbox 1049 3677 1238 3742; x_wconf 87' lang='lat' dir='ltr'><strong>Michaelem</strong></span> <span class='ocrx_word' id='word_1_248' title='bbox 1262 3689 1295 3742; x_wconf 90' lang='lat' dir='ltr'><strong>et</strong></span> <span class='ocrx_word' id='word_1_249' title='bbox 1316 3680 1494 3742; x_wconf 81' lang='lat' dir='ltr'><strong>maximam</strong></span> 
     </span>
     <span class='ocr_line' id='line_1_29' title="bbox 416 3787 1494 3878; baseline 0.004 -28"><span class='ocrx_word' id='word_1_250' title='bbox 416 3787 572 3874; x_wconf 67' lang='grc' dir='ltr'><strong>απορῥσιων</strong></span> <span class='ocrx_word' id='word_1_251' title='bbox 595 3787 740 3865; x_wconf 86' lang='lat' dir='ltr'><strong>luminis,</strong></span> <span class='ocrx_word' id='word_1_252' title='bbox 768 3803 808 3852; x_wconf 88' lang='lat' dir='ltr'><strong>ut</strong></span> <span class='ocrx_word' id='word_1_253' title='bbox 830 3789 995 3865; x_wconf 68' lang='grc' dir='ltr'>βοηθησωσι</span> <span class='ocrx_word' id='word_1_254' title='bbox 1024 3817 1117 3858; x_wconf 64' lang='grc' dir='ltr'><strong><em>πιπτει</em></strong></span> <span class='ocrx_word' id='word_1_255' title='bbox 1142 3800 1253 3878; x_wconf 60' lang='lat' dir='ltr'><strong>repra,</strong></span> <span class='ocrx_word' id='word_1_256' title='bbox 1281 3804 1315 3855; x_wconf 82' lang='lat' dir='ltr'><strong>et</strong></span> <span class='ocrx_word' id='word_1_257' title='bbox 1336 3793 1494 3878; x_wconf 81' lang='lat' dir='ltr'><strong>imperavi</strong></span> 
     </span>
     <span class='ocr_line' id='line_1_30' title="bbox 416 3899 1546 3992; baseline 0.003 -27"><span class='ocrx_word' id='word_1_258' title='bbox 416 3899 560 3967; x_wconf 88' lang='lat' dir='ltr'><strong>Gabrieli</strong></span> <span class='ocrx_word' id='word_1_259' title='bbox 583 3916 617 3968; x_wconf 90' lang='lat' dir='ltr'><strong>et</strong></span> <span class='ocrx_word' id='word_1_260' title='bbox 638 3903 794 3980; x_wconf 84' lang='lat' dir='ltr'><strong>Michaeli‚</strong></span> <span class='ocrx_word' id='word_1_261' title='bbox 816 3917 856 3968; x_wconf 90' lang='lat' dir='ltr'><strong>ut</strong></span> <span class='ocrx_word' id='word_1_262' title='bbox 869 3917 1040 3991; x_wconf 89' lang='lat' dir='ltr'><strong>portarent</strong></span> <span class='ocrx_word' id='word_1_263' title='bbox 1055 3931 1150 3970; x_wconf 69' lang='lat' dir='ltr'><strong>aaran</strong></span> <span class='ocrx_word' id='word_1_264' title='bbox 1172 3915 1284 3990; x_wconf 77' lang='grc' dir='ltr'>σοφιαν</span> <span class='ocrx_word' id='word_1_265' title='bbox 1301 3927 1400 3992; x_wconf 88' lang='lat' dir='ltr'><strong>super</strong></span> <span class='ocrx_word' id='word_1_266' title='bbox 1417 3927 1491 3970; x_wconf 88' lang='lat' dir='ltr'><strong>suas</strong></span> <span class='ocrx_word' id='word_1_267' title='bbox 1518 3927 1546 3968; x_wconf 83' lang='lat' dir='ltr'><strong>as</strong></span> 
     </span>
     <span class='ocr_line' id='line_1_31' title="bbox 415 4016 1493 4106; baseline 0.002 -24"><span class='ocrx_word' id='word_1_268' title='bbox 415 4036 543 4093; x_wconf 90' lang='lat' dir='ltr'><strong>manus,</strong></span> <span class='ocrx_word' id='word_1_269' title='bbox 569 4031 672 4084; x_wconf 90' lang='lat' dir='ltr'><strong>utne</strong></span> <span class='ocrx_word' id='word_1_270' title='bbox 695 4021 764 4083; x_wconf 89' lang='lat' dir='ltr'><strong>eius</strong></span> <span class='ocrx_word' id='word_1_271' title='bbox 787 4016 886 4106; x_wconf 88' lang='lat' dir='ltr'><strong>pedes</strong></span> <span class='ocrx_word' id='word_1_272' title='bbox 908 4020 1131 4106; x_wconf 81' lang='lat' dir='ltr'><strong>pertingerent</strong></span> <span class='ocrx_word' id='word_1_273' title='bbox 1153 4017 1196 4084; x_wconf 89' lang='lat' dir='ltr'><strong>ad</strong></span> <span class='ocrx_word' id='word_1_274' title='bbox 1219 4017 1389 4104; x_wconf 85' lang='lat' dir='ltr'><strong>caliginem</strong></span> <span class='ocrx_word' id='word_1_275' title='bbox 1410 4018 1493 4084; x_wconf 83' lang='lat' dir='ltr'><strong>inle-</strong></span> 
     </span>
    </p>
   </div>
   <div class='ocr_carea' id='block_1_2' title="bbox 413 4172 1492 4461">
    <p class='ocr_par' dir='ltr' id='par_1_2' title="bbox 413 4172 1492 4461">
     <span class='ocr_line' id='line_1_32' title="bbox 497 4172 1490 4254; baseline 0.002 -24"><span class='ocrx_word' id='word_1_276' title='bbox 497 4173 527 4230; x_wconf 85' lang='lat'><strong>9.</strong></span> <span class='ocrx_word' id='word_1_277' title='bbox 550 4172 732 4253; x_wconf 82' lang='lat' dir='ltr'><strong>despexisset</strong></span> <span class='ocrx_word' id='word_1_278' title='bbox 753 4173 971 4254; x_wconf 81' lang='lat' dir='ltr'><strong>(conspexisset</strong></span> <span class='ocrx_word' id='word_1_279' title='bbox 993 4173 1041 4246; x_wconf 87' lang='grc' dir='ltr'><strong>Ρ.)</strong></span> <span class='ocrx_word' id='word_1_280' title='bbox 1093 4173 1144 4233; x_wconf 75' lang='lat'><strong>⁴23.</strong></span> <span class='ocrx_word' id='word_1_281' title='bbox 1167 4174 1203 4233; x_wconf 87' lang='lat' dir='ltr'><strong>ad</strong></span> <span class='ocrx_word' id='word_1_282' title='bbox 1224 4185 1265 4249; x_wconf 86' lang='lat' dir='ltr'><strong>te,</strong></span> <span class='ocrx_word' id='word_1_283' title='bbox 1288 4173 1389 4232; x_wconf 87' lang='lat' dir='ltr'><strong>lumen</strong></span> <span class='ocrx_word' id='word_1_284' title='bbox 1412 4172 1490 4248; x_wconf 82' lang='lat' dir='ltr'><strong>(add.</strong></span> 
     </span>
     <span class='ocr_line' id='line_1_33' title="bbox 414 4265 1492 4358; baseline 0.004 -30"><span class='ocrx_word' id='word_1_285' title='bbox 414 4293 557 4346; x_wconf 64' lang='lat' dir='ltr'><strong>,perfruor</strong></span> <span class='ocrx_word' id='word_1_286' title='bbox 576 4271 645 4349; x_wconf 84' lang='lat' dir='ltr'><strong>tibi,</strong></span> <span class='ocrx_word' id='word_1_287' title='bbox 673 4273 793 4334; x_wconf 84' lang='lat' dir='ltr'><strong>lumen”</strong></span> <span class='ocrx_word' id='word_1_288' title='bbox 819 4272 869 4350; x_wconf 85' lang='lat' dir='ltr'><strong>P.)</strong></span> <span class='ocrx_word' id='word_1_289' title='bbox 952 4269 1003 4334; x_wconf 65' lang='grc' dir='ltr'><strong>Ἃ.</strong></span> <span class='ocrx_word' id='word_1_290' title='bbox 1026 4265 1185 4358; x_wconf 64' lang='grc' dir='ltr'><strong><em>προβολαις</em></strong></span> <span class='ocrx_word' id='word_1_291' title='bbox 1208 4275 1239 4352; x_wconf 83' lang='lat' dir='ltr'><strong>(a</strong></span> <span class='ocrx_word' id='word_1_292' title='bbox 1262 4265 1422 4356; x_wconf 73' lang='grc' dir='ltr'><strong>προβολαισ</strong></span> <span class='ocrx_word' id='word_1_293' title='bbox 1441 4273 1492 4349; x_wconf 84' lang='lat' dir='ltr'><strong>P.)</strong></span> 
     </span>
     <span class='ocr_line' id='line_1_34' title="bbox 413 4366 1492 4461; baseline 0.004 -32"><span class='ocrx_word' id='word_1_294' title='bbox 413 4366 465 4430; x_wconf 77' lang='lat'><strong>25.</strong></span> <span class='ocrx_word' id='word_1_295' title='bbox 478 4367 618 4447; x_wconf 78' lang='lat' dir='ltr'><strong>Adamas,</strong></span> <span class='ocrx_word' id='word_1_296' title='bbox 638 4393 772 4457; x_wconf 72' lang='lat' dir='ltr'><strong>supervos</strong></span> <span class='ocrx_word' id='word_1_297' title='bbox 794 4371 844 4453; x_wconf 82' lang='lat' dir='ltr'><strong>(ab</strong></span> <span class='ocrx_word' id='word_1_298' title='bbox 865 4369 987 4451; x_wconf 75' lang='lat' dir='ltr'><strong>Adama,</strong></span> <span class='ocrx_word' id='word_1_299' title='bbox 1005 4395 1129 4461; x_wconf 72' lang='lat' dir='ltr'><strong>rupoevvrp</strong></span> <span class='ocrx_word' id='word_1_300' title='bbox 1142 4373 1178 4434; x_wconf 83' lang='grc' dir='ltr'><strong>Ρ.</strong></span> <span class='ocrx_word' id='word_1_301' title='bbox 1193 4372 1244 4436; x_wconf 83' lang='lat' dir='ltr'><strong>aed</strong></span> <span class='ocrx_word' id='word_1_302' title='bbox 1259 4371 1297 4435; x_wconf 86' lang='lat' dir='ltr'><strong>cl.</strong></span> <span class='ocrx_word' id='word_1_303' title='bbox 1312 4373 1400 4456; x_wconf 67' lang='lat' dir='ltr'><strong>pat.</strong></span> <span class='ocrx_word' id='word_1_304' title='bbox 1412 4371 1432 4433; x_wconf 89' lang='lat' dir='ltr'><strong>l.</strong></span> <span class='ocrx_word' id='word_1_305' title='bbox 1445 4371 1492 4452; x_wconf 87' lang='grc'><strong>1.)</strong></span> 
     </span>
    </p>
   </div>
   <div class='ocr_carea' id='block_1_3' title="bbox 0 0 1632 5340">
    <p class='ocr_par' dir='ltr' id='par_1_3' title="bbox 0 0 1632 5340">
     <span class='ocr_line' id='line_1_35' title="bbox 0 0 1632 5340; baseline 0 0"><span class='ocrx_word' id='word_1_306' title='bbox 0 0 1632 5340; x_wconf 95' lang='lat' dir='ltr'><strong> </strong></span> 
     </span>
    </p>
   </div>
  </div>
 </body>
</html>
