3254 5340
940 467 1007 534 116

437 663 530 720 sitas
551 670 646 715 meus
673 645 765 734 dpcror
792 649 855 714 erit
879 648 1101 734 praestantior
1130 647 1192 723 eis,
1224 657 1400 731 propterea
1424 645 1515 732 quod

438 767 600 850 accipietis
624 763 754 830 dolores
776 764 811 826 in
833 787 941 846 κοσμῳ
960 785 1045 844 sapa
1067 757 1254 825 hominibus
1278 758 1441 835 omnibus,
1465 758 1517 830 ine

437 901 544 966 usque
575 878 655 943 dum
683 873 825 966 κηρυξητι
857 873 959 940 rerba
989 877 1114 950 omnia,
1153 895 1237 959 quae
1270 872 1375 937 dicam
1409 872 1516 950 vobis,

440 1005 532 1060 aare
553 994 655 1056 vestri
677 990 764 1074 θρονοι
787 1002 884 1054 crunt
906 987 1118 1053 adhaerentes
1145 1009 1220 1052 meo
1249 989 1284 1051 in
1305 1009 1380 1052 meo
1403 1009 1517 1073 regno.

438 1105 579 1192 Propter
601 1105 664 1169 hoc
686 1103 753 1168 dixi
774 1102 869 1167 vobis
893 1102 986 1166 olim:
1020 1101 1109 1177 loco,
1139 1122 1205 1186 quo
1236 1123 1390 1187 aguero,
1419 1112 1518 1164 erunt
1544 1125 1555 1162 s

439 1239 570 1282 mecum
590 1219 656 1281 mei
680 1237 813 1303 quoque
833 1215 1006 1280 duodecim
1029 1213 1168 1289 διακονοι,
1188 1227 1279 1279 asae
1301 1214 1405 1278 lilaria
1428 1214 1517 1300 Mag-

440 1329 558 1396 dalena
587 1342 620 1394 et
647 1328 807 1394 Iohannes
836 1329 973 1410 παρθενος
1003 1341 1100 1392 erunt
1129 1329 1398 1411 praestantissimi
1432 1330 1517 1392 inter

439 1465 532 1510 meos
554 1441 693 1523 μιθητας
715 1465 844 1520 omnes,
873 1455 907 1508 et
927 1442 1077 1506 homines
1101 1463 1228 1515 omnes,
1256 1443 1312 1526 qui
1334 1444 1518 1526 acceperint

440 1583 600 1643 μυπηριον
621 1554 812 1635 lneffabilis,
840 1569 937 1622 erunt
959 1555 1002 1620 ad
1024 1557 1189 1620 sinistram
1210 1554 1290 1618 milri
1317 1554 1415 1619 etad
1439 1554 1517 1619 dex·

440 1683 529 1737 tram
550 1670 645 1747 mihi,
678 1681 712 1735 et
734 1692 793 1757 ego
818 1693 892 1735 sum
921 1672 976 1734 isti
1006 1683 1039 1734 et
1067 1671 1122 1732 isti
1153 1691 1227 1732 sum
1256 1689 1326 1755 ego,
1356 1682 1390 1734 et
1420 1681 1519 1732 erunt
1544 1695 1566 1734 n

442 1785 594 1871 aequales
622 1783 793 1849 vobiscum
820 1787 855 1848 in
884 1785 973 1848 omni
999 1805 1052 1858 re,
1087 1795 1178 1848 assa
1196 1795 1274 1856 πλην
1301 1785 1403 1847 vestri
1431 1783 1520 1865 θροιοι

441 1913 539 1966 erunt
561 1901 814 1984 praestantiores
838 1919 937 1985 quam
962 1899 1012 1961 sui
1041 1899 1096 1984 (sc.
1120 1893 1233 1982 iperii),
1263 1909 1296 1960 et
1318 1917 1410 1960 meus
1434 1919 1521 1982 quo·

328 1999 404 2074 232
443 2035 507 2099 que
531 2013 622 2090 θρονος
650 2015 712 2078 erit
739 2015 959 2098 praestantior
987 2013 1122 2086 restris,
1152 2022 1185 2074 et
1213 2008 1361 2073 homines
1392 2031 1520 2086 omnes,

443 2129 500 2212 qui
522 2125 695 2190 inciderint
716 2127 750 2188 in
764 2124 904 2190 verbum
926 2123 1111 2200 lneffabilis‚
1136 2126 1217 2203 ὦμην
1241 2122 1312 2187 dico
1330 2121 1435 2198 vobis,
1458 2123 1520 2187 ho-

440 2241 561 2314 mines,
601 2241 657 2322 qui
688 2241 901 2322 cognoverint
929 2236 1069 2302 verbnm
1097 2236 1194 2314 illud,
1229 2241 1416 2324 cognituros
1447 2260 1521 2304 esse
1545 2263 1565 2303 rs

443 2353 612 2416 scientiam
641 2350 761 2413 horum
789 2349 969 2414 verborum
1003 2353 1165 2426 omnium,
1203 2373 1288 2436 quae
1318 2350 1382 2414 dixi
1412 2350 1520 2428 vobis,

443 2463 555 2552 quoad
576 2463 670 2541 βαθος
693 2475 726 2526 et
748 2462 860 2548 quoad
888 2463 1109 2540 altitudinem,
1142 2463 1253 2550 quoad
1281 2463 1522 2551 longitudinem

443 2590 477 2642 et
499 2576 610 2662 quoad
631 2575 852 2653 latitudinem,
883 2577 971 2666 sisa}
992 2582 1098 2646 ἁπλως
1127 2591 1323 2663 cognoscent
1350 2581 1522 2643 scientiam

441 2689 563 2754 horum
577 2688 756 2753 verborum
773 2691 936 2766 omnium,
960 2712 1044 2777 quae
1065 2689 1131 2754 dixi
1145 2690 1250 2767 vobis,
1274 2704 1307 2755 et
1322 2713 1406 2778 quae
1429 2692 1521 2758 haud

444 2802 510 2868 dlxi
531 2801 642 2878 vobit,
668 2803 748 2868 hacc
772 2803 878 2868 dicam
896 2803 990 2869 vobis
1013 2831 1096 2869 καιτοι
1115 2830 1201 2868 rosor
1224 2817 1258 2868 et
1279 2832 1361 2871 nara
1379 2803 1465 2894 ταξιν
1489 2810 1521 2870 ln
1543 2833 1566 2872 ¹

444 2918 650 2982 emanatione
672 2920 825 2993 universi,
849 2931 882 2981 et
904 2919 985 3001 ὥμην
1010 2916 1081 2982 dico
1105 2917 1210 2994 vobis,
1233 2922 1420 3005 cognituros
1440 2943 1521 2996 esse,

444 3029 613 3118 quomodo
637 3055 748 3113 κοσμος
771 3033 968 3094 constitutus
992 3033 1047 3106 sit,
1074 3044 1107 3094 et
1130 3035 1317 3118 cognituros
1340 3055 1427 3108 esse,
1452 3057 1520 3119 quo

443 3169 530 3232 τυπῳ
556 3145 590 3208 hi
619 3147 675 3230 qui
704 3145 910 3230 (pertineant)
939 3142 981 3207 ad
1010 3144 1214 3209 altitudinem
1250 3150 1417 3210 constituti
1447 3151 1521 3222 sint,

444 3271 479 3324 et
501 3259 687 3344 cognituros
704 3278 783 3333 esse,
807 3270 942 3343 propter
966 3257 1043 3342 quid
1061 3261 1167 3343 operis
1183 3262 1373 3323 universum
1394 3259 1521 3324 sactum

444 3373 495 3436 sit
539 3371 629 3434 Haec
657 3373 755 3456 igitur
782 3392 886 3456 quum
915 3370 1047 3435 dixisset
1075 3399 1185 3459 σωτνρ,
1216 3394 1386 3460 progressa
1417 3375 1564 3440 Marias

443 3479 636 3567 Magdalena
659 3481 752 3544 dixit:
781 3486 850 3557 „mi
874 3483 1014 3560 domine,
1039 3487 1161 3550 sustine
1184 3507 1252 3562 me,
1275 3509 1358 3552 neve
1380 3489 1522 3553 irascere

444 3593 525 3658 mihi
555 3593 737 3677 exploranti
764 3615 836 3657 rem
866 3617 998 3661 omnem
1025 3601 1060 3662 in
1089 3597 1252 3685 diligentia
1283 3613 1316 3664 et
1345 3611 1522 3688 ασφαλειᾳ,

444 3725 533 3770 nunc
554 3707 661 3792 igitur,
684 3709 730 3768 mi
745 3705 889 3784 domine,
913 3731 994 3774 num
1017 3711 1106 3776 aliud
1128 3711 1268 3776 verbum
1289 3739 1453 3793 nomano
1471 3713 1522 3778 ln-

446 3819 583 3886 effabilis
612 3831 645 3885 et
671 3842 752 3885 num
779 3821 869 3886 aliud
900 3822 1041 3888 verbum
1069 3828 1259 3913 cognitionis
1287 3825 1411 3890 totius?
1456 3827 1523 3892 Re-

446 3933 610 4022 spondens
640 3961 733 4019 σωτηρ
764 3935 857 4013 dixit,
891 3942 1006 4022 utiquc
1038 3937 1127 4003 aliud
1155 3965 1313 4023 μυστηριοι
1343 3938 1522 4006 Ineffabilis
1546 3967 1566 4007 a

445 4063 546 4138 atque
573 4049 663 4115 aliud
689 4049 830 4115 verbum
857 4055 1048 4138 cognitionis
1076 4054 1189 4117 totius.
1241 4052 1458 4139 Respondeas
1493 4055 1525 4121 ds

529 4198 558 4258 9.
585 4198 747 4259 lnellabilis
775 4199 987 4276 (in⁸lnesiabili
1010 4201 1058 4277 P.)
1121 4201 1171 4260 13.
1199 4201 1306 4262 vestris
1334 4205 1451 4280 (vestro
1475 4203 1525 4279 P.)

446 4289 496 4354 17.
508 4305 549 4355 'et
567 4297 661 4375 quoad
677 4300 780 4378 (atque
795 4300 883 4360 etiam
900 4301 997 4381 quoad
1017 4301 1065 4376 P.)
1108 4301 1157 4361 19.
1179 4312 1210 4364 et
1223 4321 1298 4382 quae
1313 4307 1416 4383 (atque
1431 4303 1524 4363 etiarn

446 4413 520 4474 quae
541 4393 590 4470 P.)
631 4394 682 4455 23.
705 4395 873 4479 niqaion
896 4419 1000 4462 ornnes
1023 4400 1075 4482 qui
1096 4399 1145 4478 Ρ.)
