3296 5354
650 467 693 535 49

129 673 258 727 aurern,
282 647 430 723 domine,
454 644 496 711 ad
520 667 630 712 meam
650 649 887 735 precationem,
911 649 1001 736 quod
1022 671 1096 718 mea
1110 647 1207 742 ψυχη

128 765 264 853 impleta
287 775 339 830 est
358 761 458 826 malo.
497 760 570 825 Mea
591 763 660 825 vita
677 759 954 850 adpropinquavit
973 777 1108 832 tartaro.
1138 767 1206 832 Nu·

127 891 275 945 meratus
299 898 373 940 sum
397 895 472 940 cum
494 873 559 952 his,
583 877 639 960 qui
663 873 865 940 descendunt
886 879 921 940 in
943 875 1084 944 foveam.
1125 878 1208 946 Sum

128 996 214 1058 siout
235 991 350 1067 homo,
382 991 435 1052 cui
458 1000 509 1054 est
535 988 644 1052 nullus
666 986 785 1067 βοηθος,
817 986 963 1076 eantque
989 993 1025 1056 in
1051 996 1208 1072 mortuis,

88 1131 102 1170 s
129 1110 215 1171 sicut
237 1105 333 1168 occisi
356 1104 508 1190 proiecti,
532 1099 730 1166 dormientes
754 1104 788 1166 in
807 1109 931 1191 ταφοις,
955 1081 1098 1191 quornm
1118 1105 1209 1173 haud

128 1219 234 1284 fecisti
257 1219 453 1282 memoriam
476 1215 631 1303 amplius,
655 1228 689 1280 et
707 1217 762 1280 isti
783 1219 952 1304 perierunt
965 1221 1031 1283 tuis
1046 1218 1208 1286 manibus.

127 1332 273 1397 Posuisti
295 1353 348 1394 mc
371 1331 406 1393 in
429 1327 529 1394 fovea
550 1327 694 1406 inferna,
717 1323 751 1393 iri
773 1329 916 1396 tenebris
938 1343 971 1396 et
985 1331 1104 1398 umbra
1118 1356 1207 1400 mor-

130 1448 183 1510 tis.
229 1443 303 1508 Tua
324 1446 374 1508 ira
396 1441 493 1506 firma
516 1455 566 1506 est
589 1465 687 1531 super
710 1465 777 1520 me,
813 1457 846 1509 et
871 1457 949 1510 tuae
972 1465 1070 1511 curae
1093 1469 1207 1514 omncs

134 1569 393 1645 supervenerunt
423 1559 458 1620 in
486 1577 547 1620 me.
592 1553 790 1642 Διαψιιλμα.
840 1555 959 1622 Fecisti
986 1572 1084 1624 notos
1114 1582 1207 1627 meos

78 1699 106 1739 ro
134 1683 280 1737 remotos
304 1693 324 1734 a
343 1691 411 1747 me3
434 1681 618 1756 posuerunt
639 1691 693 1734 me
717 1669 778 1734 sibi
800 1668 1086 1737 abominationem.
1124 1674 1208 1738 Tra·

132 1784 288 1851 diderunt
308 1805 375 1858 mc,
407 1805 513 1869 neque
537 1785 630 1848 exivi.
676 1783 767 1847 Meus
798 1782 911 1848 oculus
940 1783 1127 1850 debilitatus
1158 1799 1209 1852 est

132 1923 172 1966 ex
194 1920 271 1964 mea
292 1909 495 1985 paupertate.
527 1895 675 1962 Clamavi
690 1919 822 1962 sursum
836 1895 878 1961 ad
897 1909 941 1975 te,
964 1896 1105 1977 domine,
1122 1899 1209 1966 diem

132 2027 251 2088 totum,
276 2009 414 2100 expandi
436 2032 526 2076 meas
549 2034 667 2076 manus
691 2009 734 2076 ad
755 2024 798 2076 te.
835 2011 924 2086 Num
938 2012 1005 2100 (μη)
1029 2011 1127 2079 iacies
1149 2026 1209 2079 tua

132 2125 341 2192 miraculain
354 2125 515 2190 mortuis?
538 2147 619 2190 num
635 2123 702 2213 (μη)
725 2123 842 2191 m'edici
865 2139 1012 2214 surgent,
1034 2140 1074 2192 ut
1096 2130 1207 2214 ὁμολο-

76 2267 104 2306 rs
132 2268 208 2328 qam
231 2239 309 2304 tibi?
343 2262 424 2304 num
447 2238 515 2327 (μη)
539 2238 648 2304 dicent
672 2253 769 2305 tuum
795 2262 916 2305 nomen
936 2243 972 2305 in
993 2241 1123 2329 rapace?
1157 2254 1207 2306 at·
1259 2234 1308 2312 73

131 2377 194 2441 que
217 2367 310 2419 tuam
332 2351 514 2428 bustorum
536 2355 571 2417 in
592 2366 696 2430 terra,
728 2356 819 2418 ornus
843 2353 963 2419 oblitus
987 2355 1042 2420 cs?
1080 2355 1152 2444 Ego
1176 2353 1209 2424 da

130 2469 267 2533 clamavi
291 2489 424 2533 sursuru
447 2465 489 2531 ad
512 2480 559 2543 te,
583 2465 728 2543 domine,
752 2479 785 2532 et
807 2489 882 2533 mea
903 2472 1048 2556 precatio
1067 2469 1206 2558 prehen-

131 2581 186 2648 det
210 2596 242 2649 te
263 2582 348 2646 hora
370 2585 541 2646 matutina.
572 2579 620 2646 Ne
642 2594 735 2646 verte
750 2594 842 2646 tuam
862 2580 980 2648 faciem
995 2606 1015 2648 a
1029 2605 1092 2660 me,
1116 2581 1208 2671 quod

131 2718 189 2783 ego
213 2716 341 2785 pauper
370 2717 458 2772 smn,
488 2717 623 2760 versans
652 2697 687 2758 in
716 2698 880 2762 aerumnis
909 2695 985 2762 inde
1013 2719 1033 2761 a
1061 2719 1136 2763 mea
1157 2701 1207 2762 in·

76 2834 104 2874 aa
132 2807 245 2874 santia.
291 2809 406 2891 Quum
428 2809 583 2874 eveherer
605 2807 650 2886 de,
683 2808 872 2874 humiliatus
896 2831 983 2885 sum,
1017 2822 1050 2874 et
1072 2814 1206 2877 surrexi.

133 2922 208 2986 Tua
230 2924 280 2986 ira
302 2922 411 3010 (οργαι)
435 2926 625 3010 supervenit
651 2924 686 2986 in
708 2943 778 2998 me,
817 2935 850 2986 et
878 2935 1021 2986 terrores
1051 2925 1102 2986 tui
1131 2945 1207 3011 per·

133 3033 311 3100 turbarunt
332 3057 394 3100 me.
439 3035 734 3102 Circumdederunt
754 3056 809 3100 me
832 3037 916 3099 sicut
937 3056 1038 3120 aqua,
1065 3035 1206 3122 preben-

134 3146 254 3212 derunt
274 3169 327 3213 me
350 3148 435 3214 diem
460 3163 575 3217 totum.
620 3149 738 3215 Fecisti
763 3171 856 3214 meos
883 3151 989 3212 socios
1015 3161 1162 3214 remotos
1186 3171 1207 3213 a

133 3284 187 3326 me
211 3275 308 3349 atque
331 3276 428 3329 notos
450 3287 541 3330 meos
563 3286 643 3353 prae
662 3263 880 3351 ταλωιπωριφΡ
925 3262 1014 3328 Haec
1036 3265 1135 3350 igitur
1157 3274 1208 3328 est

77 3401 105 3441 as
134 3375 254 3441 solutio
275 3403 437 3465 μυστηριου
460 3381 594 3466 quintae
616 3403 789 3464 μετανοιαις,
814 3399 913 3464 quam
937 3375 1018 3441 dixit
1040 3401 1135 3448 τιστις
1156 3402 1206 3443 ro·

133 3500 204 3576 φια,
227 3513 329 3578 quum
352 3491 469 3572 εθλιβον
492 3514 566 3557 cam
579 3495 615 3557 in
629 3493 721 3558 ohao.
754 3491 892 3556 Factum
906 3494 1005 3578 igitur
1020 3504 1079 3570 cst,
1103 3513 1207 3579 quum

129 3603 219 3670 Iesus
243 3605 389 3672 audisset
415 3605 496 3670 haec
523 3605 640 3684 verba,
677 3629 761 3694 quae
789 3606 870 3671 dixit
891 3605 1076 3695 Philippus,
1111 3605 1205 3672 dixit:

131 3745 200 3804 ευγι
221 3719 372 3809 Philippo
395 3719 520 3786 dilecte.
564 3720 658 3785 Nunc
680 3724 778 3807 igitur
800 3724 891 3798 veni,
915 3719 1000 3798 sede,
1023 3735 1063 3785 ut
1084 3720 1207 3786 scribas

131 3843 228 3894 tarum
249 3856 337 3916 μερος
358 3832 537 3899 verborum
560 3837 721 3912 omnium,
757 3857 842 3922 quae
865 3833 972 3899 dicam
994 3847 1028 3898 et
1050 3854 1135 3919 quac
1156 3831 1206 3896 sa-

78 3968 107 4009 ao
136 3945 231 4017 ciam,
255 3955 288 4008 et
309 3965 361 4009 res
386 3965 512 4024 omnes,
544 3971 626 4036 quas
648 3947 784 4014 videbis.
829 3948 874 4014 Et
900 3950 963 4012 ista
984 3946 1068 4012 bora
1091 3942 1207 4010 sedens

131 4053 301 4144 Philippus
325 4059 461 4147 scripsit.

213 4253 243 4317 7.
265 4257 397 4321 Posuisti
420 4263 606 4342 (Posuerunt
627 4264 677 4342 Ρ.)
736 4259 786 4322 24.
808 4282 878 4344 prae
900 4260 977 4341 (add.
1001 4261 1128 4338 ‚‚mea’';
1156 4261 1208 4323 sed

129 4377 185 4437 pro
206 4361 458 4441 tarabamtopta
480 4363 641 4447 legendum
663 4364 782 4425 videtur
802 4364 1012 4440 aaronem
1033 4363 1084 4440 P.)

979 4467 1004 4542 d
