3240 5328
613 487 680 558 205

116 694 212 760 quam
246 677 352 760 cogito
387 675 422 735 ia
455 693 530 735 meo
565 671 684 734 enimn
741 668 869 751 Quodsi
905 670 1004 736 fuerit
1036 673 1070 734 in
1101 697 1184 762 τοπῳ

114 801 265 854 notarem
282 811 423 870 ταμιιιων
447 784 589 870 caliginis
618 796 785 859 externae,
814 797 872 848 aut
901 786 927 848 si
955 784 1054 848 suerit
1079 788 1112 849 in
1135 801 1198 851 re·'

114 901 208 986 liquis
232 913 550 977 naturamnaturaim
573 896 714 983 caliginis
739 911 890 962 externae
920 911 953 961 et
980 899 1112 985 reliquis
1136 929 1185 963 κε-

114 1027 222 1080 asam
241 1011 406 1094 dpaeavm,
436 1009 634 1074 transferent
657 1033 711 1074 eas
739 1014 793 1096 (sc.
818 1011 901 1073 bane
923 1010 1045 1096 dam)
1074 1035 1113 1076 ex
1136 1012 1185 1076 hie
1224 1003 1297 1079 327

79 1155 91 1192 a
117 1125 281 1202 omnibus3
311 1138 344 1190 et
368 1127 393 1188 si
417 1122 596 1188 absolverit
618 1145 713 1187 suum
737 1145 910 1188 numerum
934 1139 1053 1191 κυκλων
1075 1129 1108 1189 ἰη
1131 1154 1187 1207 με·

114 1243 272 1316 eademst,
295 1238 415 1304 ducent
438 1259 510 1302 tum
533 1235 576 1299 ad
600 1237 734 1312 παρθενιν
758 1237 896 1311 luminis,
924 1251 957 1302 et
979 1239 1114 1320 παρθενος
1136 1240 1187 1303 lu·

116 1357 209 1420 minis
232 1365 396 1436 σφραγισει
426 1373 501 1414 eum
529 1350 707 1436 (hominem
729 1372 791 1438 pro
814 1349 922 1440 ψυχῃ)
952 1373 1012 1415 sua
1040 1351 1189 1438 σφριγιδι

116 1465 299 1540 ineffabilis,
322 1477 355 1528 et
376 1464 495 1528 iniiciet
518 1485 590 1526 eam
613 1465 674 1527 hoc
692 1467 763 1550 ipso
779 1485 891 1527 mense
906 1468 939 1528 in
955 1491 1048 1529 caea
1068 1469 1187 1545 dasem,

117 1583 150 1644 in
174 1598 239 1666 quo
262 1579 407 1640 inveniet
427 1603 577 1652 μυστηοιω
599 1578 745 1651 luminis,
776 1591 808 1642 et
831 1575 888 1641 fiet
911 1579 1025 1660 dyada,
1054 1591 1091 1640 ut
1112 1601 1187 1665 per·

69 1717 94 1758 n
118 1695 249 1758 veniens
273 1694 306 1754 in
329 1689 534 1754 altitudinem
556 1703 758 1781 κληρονομησῃ
774 1712 909 1776 regnum
927 1690 1066 1766 luminis,
1088 1706 1188 1778 atque

119 1809 215 1872 etiam
240 1807 265 1868 si
288 1802 464 1868 absolverit
484 1817 614 1870 κυκλους
628 1803 818 1882 petrafitam,
843 1804 961 1868 ducent
975 1802 1084 1892 dnm
1100 1806 1189 1870 illam

119 1920 161 1986 ad
189 1931 313 2006 septem
342 1917 498 1997 παρθενους
524 1917 671 1994 luminis,
703 1939 787 2004 quae
816 1941 914 2006 super
940 1901 1121 2000 βαπτισμα,
1153 1933 1190 1983 ut
1231 1931 1255 1982 7⁴

116 2046 275 2124 ponentes
302 2031 335 2096 id
363 2035 398 2096 in
419 2030 514 2121 dvm
543 2032 598 2094 illa
637 2044 846 2118 adamarent
873 2054 946 2098 eam
975 2035 1065 2119 signo
1099 2036 1189 2118 regni

2 2169 3 2172 ’
117 2147 308 2222 ineffabilis,
339 2158 378 2209 ut
407 2145 529 2209 ducant
556 2167 631 2210 eum
660 2167 771 2210 eoram
798 2145 901 2234 τιιξεσι
931 2146 1076 2221 luminis,
1108 2169 1189 2233 quas

67 2289 92 2328 n
119 2262 223 2327 dicam
247 2258 350 2336 vobis,
375 2282 478 2346 quum
500 2258 702 2323 absolveritis
725 2287 891 2342 μυστηριον.
924 2265 1021 2340 'nune
1041 2261 1113 2325 dico
1129 2283 1189 2325 vo·

117 2377 182 2442 bis:
211 2377 236 2441 si
258 2373 369 2460 ψυχη,
392 2395 454 2461 pro
478 2395 544 2458 qua
567 2373 776 2462 προσιυξησθε,
805 2374 958 2439 fueritin
983 2377 1113 2454 ὃμκωιη
1137 2396 1189 2438 ea·

115 2491 220 2581 liginis
243 2503 412 2564 externae,
443 2491 589 2552 remittet
616 2510 708 2552 suam
738 2487 875 2552 caudam
908 2511 948 2552 ex
978 2510 1035 2552 ore
1066 2509 1126 2552 suo
1158 2499 1191 2550 et

117 2609 200 2671 sinet
221 2605 310 2668 illam
333 2600 453 2690 ψυχην,
483 2615 580 2688 atque
605 2605 703 2666 etiam
727 2605 754 2666 si
778 2602 877 2667 suerit
903 2605 937 2665 in
966 2629 1060 2668 τοποκ
1086 2601 1190 2666 omni·

117 2716 181 2782 bus
203 2743 319 2801 κρισιων
341 2741 500 2799 amarant,
521 2722 601 2793 ἀμην
627 2715 698 2780 dicu
722 2715 830 2781 vobis:
855 2721 1037 2797 dpxautuarv
1061 2739 1134 2781 eam
1157 2717 1191 2779 in

63 2857 91 2900 at
119 2829 232 2921 exaud!
250 2843 474 2915 παραλημπιι
488 2827 727 2905 Melchisedech
751 2855 804 2894 ιιτε
828 2833 855 2894 si
875 2832 1017 2894 emiserit
1032 2852 1104 2894 eam
1120 2833 1190 2911 dpe-

116 2973 186 3022 κων,
215 2957 273 3009 aut
295 2947 321 3008 si
343 2942 497 3007 fueritin
519 2969 643 3025 κρισεσιν
663 2969 821 3022 αρχοντων,
848 2939 1066 3031 druidum
1092 2947 1191 3007 dona-

116 3085 218 3128 σουσιν
241 3080 313 3122 eam
340 3071 564 3140 παριλημτηι
594 3056 816 3122 Melchisedeci
844 3059 878 3121 in
904 3082 1002 3124 atate<
1032 3053 1193 3130 omnibus,
1231 3047 1306 3120 328

116 3178 152 3240 in
176 3171 294 3260 quibus
317 3171 424 3247 fuerit,
447 3184 481 3235 et
503 3169 623 3235 ducent
646 3195 718 3236 eam
742 3174 775 3234 in
798 3197 883 3236 aaran
902 3196 998 3252 μεσω
1021 3169 1062 3234 ad
1086 3171 1192 3234 rasis-

118 3315 164 3354 m
186 3287 330 3361 luminis,
361 3297 394 3352 et
416 3285 553 3366 rapiam<
574 3285 705 3349 luminis
729 3285 882 3371 δικιμαζει
907 3307 994 3360 eam,
1025 3297 1062 3348 ut
1082 3282 1194 3348 videat

62 3427 89 3467 aa
119 3405 248 3489 signum
276 3403 366 3488 regni
399 3387 575 3465 ineffabilis
609 3401 749 3464 existens
782 3401 814 3462 in
843 3398 898 3462 itta
925 3398 1030 3486 daza.
1080 3397 1137 3472 Et,
1167 3399 1194 3461 si

117 3515 267 3582 nondum
290 3513 433 3581 absolvit
452 3537 549 3580 suum
565 3535 737 3578 numerum
755 3529 872 3580 κυκλων
888 3514 922 3576 in
938 3515 1193 3577 commutatione

115 3629 228 3718 ψυχης
252 3645 310 3696 aut
325 3634 357 3694 in
373 3657 502 3711 σωματι,
526 3629 660 3713 taederet
680 3606 810 3694 luminis
825 3629 985 3713 σφοαγιζει
1003 3651 1074 3692 eam
1091 3639 1194 3710 σφρα-

118 3745 184 3826 γιδι
200 3746 389 3828 praestanti,
412 3756 446 3807 et
461 3743 633 3821 exauderat,
656 3757 694 3807 ut
708 3756 801 3808 curet
822 3741 1026 3807 iniiciendam
1043 3764 1115 3804 eam
1132 3740 1194 3802 hoe

118 3854 193 3940 ipso
217 3874 328 3916 mense
356 3855 390 3916 iu
417 3881 510 3930 σωμα.
533 3854 652 3929 dissiti,
681 3855 770 3938 quod
799 3855 943 3916 inveniet
965 3875 1113 3921 μυστηοισ.
1143 3847 1193 3912 Ῑιι-

63 3989 92 4030 aa
120 3966 232 4040 minis,
259 3965 377 4028 eterit
399 3963 525 4049 αγαθος,
552 3978 590 4028 ut
612 3968 781 4054 perveniat
803 3966 836 4026 in
859 3960 1063 4026 altitudinem
1085 3964 1119 4024 in
1143 3983 1194 4026 re·

120 4101 223 4167 gnum
249 4077 397 4155 luminis;
427 4090 460 4144 et
487 4081 513 4142 si
535 4074 630 4166 ψνχη
658 4077 714 4142 illa
741 4078 866 4165 aceepit
894 4097 991 4141 suum
1021 4097 1195 4141 numerum

204 4317 234 4381 4.
256 4317 406 4407 decantaret
424 4318 594 4406 (δρακοντων
616 4321 665 4398 Ρ.)
720 4319 750 4382 7.
772 4339 823 4381 aua
844 4315 984 4406 σφραγιδι
1006 4319 1078 4392 (del.
1101 4321 1196 4397 „sua”

119 4419 168 4500 P.)
210 4419 262 4482 15.
283 4421 377 4484 dicem
392 4421 477 4488 tobis
499 4421 618 4503 (dicetis
640 4421 689 4500 P.)
731 4419 782 4482 16.
803 4420 894 4484 inerit
914 4421 954 4502 (si
969 4421 1125 4494 meinent
1145 4421 1196 4501 P.)
