3254 5340
610 495 677 562 1⁰9

106 674 246 744 Adamas
269 699 396 746 πιστιως
413 680 528 761 reptas
550 685 650 760 atque
672 675 775 740 iratus
799 676 828 740 ei
849 685 899 740 est
914 697 1014 762 quam
1028 680 1179 756 maxime,

107 795 259 880 opinans,
291 811 366 853 eam
394 813 536 870 κατιχειν
565 811 659 852 suam
690 791 763 852 vim
788 791 822 852 in
852 789 950 864 chao,
981 803 1014 854 ct
1043 795 1179 878 opinans

107 927 176 969 eam
200 903 381 990 abripuisse
406 904 474 964 eius
501 899 613 964 lumen
643 899 683 966 ab
712 902 780 978 illa,
814 915 848 966 et
873 905 976 966 iratus
1006 916 1055 967 est
1082 903 1179 968 valde

108 1031 138 1082 et
161 1015 312 1080 adiiciens
335 1018 419 1078 iram
443 1035 541 1101 super
569 1017 669 1089 iram,
698 1015 865 1100 προεβωλεν
896 1037 936 1080 ex
967 1039 1001 1081 se
1030 1018 1179 1099 προβολην

54 1151 67 1190 s
109 1131 297 1205 obscuram,
328 1141 428 1213 atque
458 1129 556 1191 etiam
584 1128 681 1191 aliam
708 1153 809 1210 xoeos
828 1155 947 1214 aarapao
979 1129 1112 1206 duram,
1141 1144 1210 1195 ut»

105 1243 315 1333 perturbaret
336 1268 432 1307 τιστιν
458 1251 569 1329 reptat
592 1244 644 1317 iis,
678 1254 776 1327 atque
804 1246 989 1329 procreavit
1010 1271 1096 1308 aanor
1121 1245 1178 1309 ob·

108 1380 240 1423 scurum
262 1359 296 1419 in
319 1377 378 1419 suo
402 1381 497 1441 τοπῳ,
526 1358 560 1418 in
588 1375 654 1441 quo
679 1354 836 1442 affligeret
859 1366 979 1441 σοφιαν,
1008 1371 1041 1420 et
1064 1361 1181 1422 sumsit

108 1469 222 1534 turbas
253 1494 402 1551 αρχοντων
432 1490 584 1544 suorum,
614 1471 777 1555 persecuti
808 1483 885 1532 sunt
911 1480 1022 1555 rapiar
1046 1472 1088 1536 ad
1119 1473 1179 1537 du-

110 1582 246 1648 cendam
269 1605 342 1646 eam
364 1585 397 1645 in
420 1581 518 1646 chaos
543 1581 734 1657 obscurum,
765 1581 852 1668 quod
869 1585 1066 1669 procreavit,
1090 1583 1180 1648 etad

53 1719 82 1761 ro
109 1695 314 1784 affligendam
338 1717 410 1759 eam
436 1699 471 1759 in
498 1695 554 1759 illo
583 1723 680 1781 τοπῳ,
710 1707 744 1758 et
770 1698 819 1757 uti
847 1695 1079 1782 perturbarent
1107 1719 1180 1762 cam

108 1813 255 1894 προβολαι
279 1809 364 1874 duae
388 1809 561 1885 obscurae,
592 1830 674 1893 quas
697 1809 863 1892 aperilem
885 1807 1045 1884 Adamas,
1075 1833 1180 1896 usque

111 1925 190 1988 dum
213 1921 405 1987 abstulerint
426 1935 535 1987 totum
558 1925 627 1986 eius
649 1923 761 1986 lumen
785 1922 825 1985 ab
848 1945 899 1998 ea,
925 1925 1020 1986 etuti
1036 1922 1182 1987 auferret

109 2037 253 2103 Adamas
286 2036 398 2100 lumen
431 2063 554 2105 πιστεως
589 2046 700 2122 capras
732 2034 869 2100 daturus
905 2035 986 2103 illud
1017 2037 1183 2117 apollonare

3 2167 4 2218 J
111 2149 240 2215 duabus
264 2149 408 2214 obscuris
431 2148 535 2226 duris,
558 2163 598 2213 ut
620 2149 776 2213 ducerent
797 2150 830 2213 id
853 2153 887 2213 in
910 2173 1064 2238 magnum
1082 2151 1179 2215 cbaos

56 2287 85 2328 rs
111 2263 290 2339 infernum,
314 2262 403 2348 quod
426 2277 475 2328 est
498 2264 615 2350 caligo,
640 2266 742 2329 etuti
765 2266 933 2328 iniicerent
955 2267 987 2328 in
1005 2289 1098 2328 suam
1113 2268 1182 2330 vim
1222 2248 1290 2324 171

3 2419 4 2422 =
111 2379 266 2465 caliginis,
295 2399 379 2464 quae
403 2391 452 2442 est
475 2377 588 2453 chaos,
616 2400 697 2440 num
720 2376 859 2442 forsitan
880 2393 993 2466 posset
1014 2383 1125 2444 venire
1147 2383 1181 2444 in

3 2555 4 2564 ,
109 2515 205 2557 suum
227 2519 328 2566 rotor,
360 2505 536 2579 propterea
560 2491 649 2576 quod
678 2505 748 2554 erat
775 2492 877 2579 caligo
906 2496 1062 2570 maxime,
1098 2515 1181 2578 quo-

2 2643 6 2679 ;
108 2609 196 2670 niam
226 2605 346 2670 abstuli
377 2609 446 2669 eius
476 2609 544 2670 vim
578 2604 709 2670 luminis
743 2605 785 2670 ab
817 2629 864 2670 ea.
916 2606 1054 2671 Factum
1084 2610 1182 2693 igitur

2 2761 3 2764 =
111 2732 177 2794 est,
215 2740 317 2803 quum
350 2733 540 2805 persecutae
576 2733 683 2783 essent
717 2747 813 2785 aaran
841 2730 960 2806 raptae,
998 2721 1181 2785 exclamans

51 2854 83 2896 m
111 2835 232 2896 iterum
252 2837 381 2910 ὐμνευσε
404 2854 532 2896 sursum
556 2832 599 2896 ad
620 2832 745 2908 lumen,
774 2831 868 2904 :arcela
893 2833 958 2896 dixi
982 2837 1026 2908 el,
1050 2834 1181 2918 quando

112 2945 288 3010 afflixerint
310 2958 352 3020 te,
375 2949 482 3027 ύμνευε
505 2969 635 3010 sursum
659 2945 790 3021 adme,
813 2948 942 3009 veniam
967 2945 1122 3020 celeriter,
1145 2959 1184 3010 ut

109 3061 245 3138 βοηθησω
268 3057 335 3122 tibi.
380 3059 515 3124 Factum
543 3064 728 3147 igiturest,
765 3081 867 3145 quum
896 3057 1077 3142 affligerent
1101 3079 1182 3132 eam,

110 3197 171 3261 ego
199 3173 231 3239 a
260 3173 407 3238 sederem
436 3173 525 3260 apud
551 3196 612 3238 vos
642 3177 676 3236 in
703 3172 766 3236 hoc
794 3199 892 3257 τοπῳ,
923 3173 979 3256 qui
1011 3185 1060 3234 est
1088 3191 1182 3234 mons

113 3288 283 3363 olivarum,
305 3292 433 3371 ὐμνευσε
457 3311 587 3352 sursum
611 3287 654 3352 ad
675 3286 801 3361 lumen,
826 3284 947 3349 dicens:
975 3284 1110 3360 „lumen
1133 3283 1183 3347 lu·

54 3422 84 3463 aa
112 3403 252 3476 minum,
276 3429 435 3466 excercere
458 3402 533 3477 tibi,
555 3401 658 3465 libera
680 3423 732 3465 me
749 3400 790 3464 ab
805 3401 854 3464 his
870 3425 1015 3482 αρχουσιν
1032 3397 1183 3462 omnibus

109 3515 381 3602 persequentibus
405 3537 467 3590 me,
491 3527 524 3578 ct
545 3516 642 3590 βοηθει
666 3515 754 3590 mibi,
776 3541 890 3598 μηποτε
906 3512 1058 3578 auferant
1073 3535 1185 3578 mcum

108 3628 222 3693 lum'en
246 3653 266 3693 a
288 3652 356 3704 me,
381 3631 465 3692 sicut
485 3631 535 3692 vis
559 3650 632 3692 cum
657 3628 738 3693 facie
762 3629 878 3706 leonis,
904 3627 993 3715 quod
1017 3641 1111 3691 tuum
1134 3628 1184 3692 lu·

108 3765 188 3806 men
210 3765 279 3805 non
302 3755 352 3806 est
374 3763 503 3805 mecum
525 3765 632 3828 neque
654 3757 713 3806 tua
736 3747 876 3825 arap'prm
892 3743 1038 3817 luminis,
1061 3756 1099 3804 ut
1118 3763 1184 3804 ser-

110 3867 194 3917 vent
215 3875 283 3928 me,
313 3855 471 3940 alioquin,
494 3859 597 3920 iratus
620 3858 698 3920 mihi
722 3869 772 3920 est
792 3855 936 3920 Adamas
960 3855 1068 3917 dicens
1090 3849 1185 3913 mihis

53 3988 83 4028 ao
112 3978 154 4028 tu
176 3991 316 4045 κατειχες
339 3989 443 4032 meam
466 3973 533 4033 vim
556 3947 590 4034 ii
613 3970 703 4034 chao.
748 3968 842 4033 Nunc
870 3970 978 4053 igitur,
1000 3965 1112 4026 lumen
1134 3961 1184 4024 lu-

112 4080 260 4152 minum,
291 4081 316 4140 si
341 4099 399 4164 ego
423 4079 541 4148 faciens
563 4084 627 4148 boc
655 4107 797 4161 κατειχον
827 4101 916 4154 eam,
946 4080 972 4141 si
1001 4075 1062 4139 feci
1092 4072 1186 4160 quid-

112 4213 216 4279 quam
252 4193 362 4256 iniusti
392 4193 438 4258 illi
472 4200 521 4274 vi,
557 4209 615 4260 aut
644 4198 670 4259 si
698 4193 799 4258 afflixi
835 4215 921 4268 eam,
958 4192 1041 4256 sicut
1071 4187 1188 4254 aillixit

108 4327 174 4383 me,
199 4303 350 4372 auferant
371 4331 485 4374 meum
507 4309 619 4374 lumen
642 4331 661 4372 a
683 4329 736 4371 mc
759 4305 792 4370 hi
816 4329 957 4390 αρχοντες
979 4326 1092 4370 omnes
1111 4325 1187 4392 per·

109 4432 285 4508 sepientes
307 4442 376 4499 me,
400 4435 434 4490 et
457 4423 624 4490 dimittant
645 4423 858 4498 mirarem,
883 4432 916 4486 et
936 4421 1086 4486 inimicus
1099 4417 1187 4488 Ada-
