3296 5354
947 460 992 528 30

433 647 468 712 in
490 645 654 712 sinistram
676 639 831 706 facientes
853 659 916 706 sua
941 637 1088 706 laoinora
1114 641 1150 704 in
1176 640 1243 704 auis
1275 651 1420 726 quatuor
1449 661 1508 706 an·

434 757 533 845 gulis,
557 771 590 822 et
617 759 652 821 in
673 755 779 820 tribus
806 757 873 820 suis
901 753 1037 842 angulis,
1067 766 1101 820 et
1121 756 1157 818 in
1178 751 1244 829 his,
1281 773 1366 840 quae
1390 765 1468 818 erant
1490 775 1510 820 e

433 873 565 957 regione
587 870 666 947 illis3
689 884 789 954 atque
811 889 925 933 rursus
948 881 987 932 ut
1008 869 1225 953 transigerent
1246 865 1327 932 alios
1344 889 1401 932 sex
1415 889 1507 933 men·

434 1007 485 1050 see
507 987 670 1049 intuentes
692 986 728 1046 in
751 983 908 1058 dextram,
931 995 965 1046 et
985 984 1021 1046 in
1036 1003 1113 1046 suos
1128 993 1195 1046 tres
1211 980 1357 1068 angulos,
1381 993 1414 1045 et
1429 1003 1507 1046 suos

435 1111 578 1184 quatuor
608 1097 755 1182 angulos,
787 1108 820 1160 et
840 1099 876 1160 in
903 1095 999 1171 haee,
1039 1115 1124 1180 quae
1155 1117 1173 1160 e
1201 1097 1333 1181 regione
1362 1094 1506 1160 illorum
1537 1120 1551 1161 ι

433 1211 494 1276 llio
516 1214 614 1298 igitur
637 1223 686 1276 eet
708 1208 842 1285 modus,
875 1231 941 1295 quo
966 1207 1183 1274 ambulabunt
1203 1207 1246 1286 hi,
1278 1211 1335 1294 qui
1365 1222 1444 1274 sunt
1472 1212 1507 1274 in

433 1325 594 1414 ιὲμιιρμενῃ
618 1336 652 1390 ει
674 1331 802 1411 odorae.

520 1437 659 1502 Factum
681 1440 779 1524 igitur
802 1449 853 1502 est
873 1449 951 1523 post
971 1435 1052 1502 haee
1074 1438 1149 1502 veni
1177 1437 1211 1500 in
1235 1433 1442 1500 altitudinem
1463 1435 1507 1502 ad

431 1577 702 1634 κετιιπετωσμιιτε
732 1549 847 1614 decimi
876 1553 964 1615 tertii
994 1573 1104 1619 araret.
1153 1548 1292 1614 Factum
1318 1551 1417 1636 igitur
1448 1563 1507 1626 est,

433 1688 537 1752 quum
564 1669 728 1730 venissem
757 1663 800 1730 ad
830 1687 890 1728 sua
919 1689 1204 1748 κετεπετεσμετε,
1241 1675 1408 1728 eontracta
1436 1664 1506 1728 sola
1532 1691 1559 1732 re

431 1782 525 1868 ipsa,
549 1791 662 1867 aperta
685 1790 762 1844 sunt
783 1777 872 1842 mihi
916 1776 1083 1864 Ingressus
1110 1774 1153 1841 ad
1181 1775 1343 1842 decimum
1372 1781 1507 1844 tertium

432 1921 539 1960 ιιωνων
567 1897 677 1958 inveni
699 1919 794 1962 πιστιν
818 1901 930 1978 coeptam
953 1889 1040 1956 inira
1065 1889 1229 1955 decimum
1247 1893 1382 1956 tertium
1405 1919 1506 1968 mma,

353 2006 361 2047 .·
433 2008 539 2072 solam
562 2029 650 2083 eam,
678 2007 768 2070 nullo
792 2007 925 2071 illorum
946 2018 1098 2070 versante
1122 2003 1211 2091 apud
1234 2025 1317 2068 eam.
1363 2003 1508 2070 Sedebat

432 2119 465 2188 da
486 2122 521 2184 in
542 2121 616 2184 loco
638 2119 695 2185 illo
718 2132 862 2185 λυπουσε
885 2130 918 2183 ει
946 2118 1074 2206 lugens,
1106 2118 1198 2205 quod
1223 2117 1313 2183 haud
1341 2117 1506 2184 druerunt

433 2253 507 2298 eam
529 2231 573 2314 ad
596 2231 758 2298 decimum
780 2234 915 2298 tertium
938 2259 1045 2308 arura,
1076 2255 1175 2298 suum
1195 2231 1306 2298 looum
1333 2235 1368 2296 in
1394 2233 1505 2298 altitu·
1531 2258 1559 2298 u

433 2345 517 2410 dine.
561 2343 670 2431 Atque
695 2348 794 2410 etiam
816 2357 920 2412 ιλυπει
947 2358 1083 2433 propter
1107 2367 1293 2422 aerumnas,
1324 2369 1405 2433 quas
1429 2347 1507 2412 seeit

433 2463 463 2524 ei
493 2456 637 2535 andalae,
676 2462 732 2544 qui
763 2481 848 2524 unus
879 2472 929 2522 est
964 2481 981 2524 ε
1014 2459 1119 2524 tribus
1148 2457 1350 2544 τριδυνεμοκ,
1385 2461 1507 2524 horum

432 2571 464 2640 de
501 2575 528 2636 si
557 2574 686 2636 locutus
717 2571 836 2637 fuerim
865 2571 1038 2638 vobiscum
1066 2573 1107 2639 de
1141 2576 1360 2650 emanatione,
1400 2573 1506 2638 dicam

331 2677 380 2750 43
431 2684 526 2754 vobis
553 2712 725 2772 μυστηριον,
757 2711 819 2757 πως
848 2685 881 2752 hi
911 2686 990 2751 faeti
1020 2690 1093 2752 siut.
1145 2687 1283 2752 Factum
1311 2689 1409 2774 igitur
1440 2701 1504 2762 est,

432 2821 536 2886 quum
556 2798 684 2866 videret
705 2821 759 2866 me
781 2825 877 2870 areret
899 2809 1012 2886 σιφιε,
1035 2800 1160 2866 laetum
1182 2800 1295 2866 lumen
1312 2823 1413 2886 quam
1434 2823 1504 2866 ma·
1530 2827 1559 2868 aa

429 2916 532 2990 xime,
570 2913 680 2979 nullus
710 2914 829 2980 modus
859 2913 989 2990 lumini,
1030 2913 1120 3000 quod
1150 2927 1221 2980 erat
1249 2914 1344 2990 mihi,
1378 2913 1442 2980 fuit
1468 2916 1506 2980 in

430 3050 550 3115 magna
571 3028 836 3116 perturbatione,
865 3042 964 3115 atque
986 3031 1106 3093 intuite
1132 3030 1166 3091 in
1195 3027 1308 3094 lumen
1336 3031 1402 3095 mei
1423 3026 1504 3094 ndo-
1629 3113 1630 3116 Ἴ

428 3168 528 3230 ματος
552 3144 636 3210 vidit
656 3149 812 3230 μυετηρων
836 3145 885 3208 sui
908 3145 1048 3210 nominis
1071 3144 1106 3206 in
1127 3163 1201 3208 meo
1225 3139 1382 3225 ενὼματι,
1405 3155 1505 3228 atque
1629 3119 1630 3191 l

431 3258 530 3321 etiam
553 3256 761 3344 splendorem
782 3269 892 3321 totum
921 3259 971 3320 eui
997 3281 1173 3340 μυετηριου,
1211 3258 1368 3354 <moniam
1396 3253 1506 3320 fuerat
1628 3345 1629 3350 η

430 3367 472 3434 ab
494 3373 585 3434 initio
609 3373 643 3434 in
665 3394 747 3455 τοπῳ
770 3369 963 3446 altitudinis,
985 3372 1021 3433 in
1043 3368 1168 3434 decimo
1191 3372 1289 3434 tertio
1306 3397 1395 3436 aruer.
1437 3369 1554 3438 Sedes

428 3484 538 3564 ύμνευε
567 3481 647 3555 luci,
678 3502 762 3565 quae
791 3484 825 3545 in
855 3481 1039 3558 altitudine,
1071 3505 1172 3570 quam
1201 3481 1284 3549 vidit
1310 3486 1345 3548 in
1367 3508 1504 3552 maeat-

428 3617 567 3676 τιισμιιτι
587 3589 731 3678 &coeptu
761 3593 851 3658 lucis.
903 3593 1042 3660 Factum
1070 3599 1169 3683 igitur
1201 3610 1263 3673 est,
1295 3618 1399 3683 quum
1429 3620 1503 3687 per-

428 3717 578 3770 maneret
598 3707 771 3790 ύμνευιυεα.
793 3706 871 3783 luci,
895 3729 979 3794 quae
1002 3712 1037 3773 in
1060 3710 1245 3788 altitudine,
1270 3736 1412 3797 αρχοντες
1432 3733 1503 3776 om·

428 3841 486 3886 nes
510 3819 730 3908 adspexerunt
753 3842 864 3886 eoram
886 3824 1012 3910 magnis
1035 3823 1165 3890 duobus
1179 3823 1366 3911 τριδυνεμοις
1386 3839 1419 3891 et
1433 3828 1503 3890 eius

429 3959 563 4024 εορετῳ,
594 3937 867 4002 coniunctorum
887 3936 958 4014 illa,
989 3950 1023 4002 et
1043 3940 1157 4025 viginti
1180 3936 1309 4005 duobus
1339 3939 1504 4027 προβολεκ
1528 3967 1555 4008 aa

428 4073 578 4136 εοριιτοις,
604 4046 701 4124 rasela
720 4076 817 4124 arem
834 4059 932 4139 σοφιε
955 4053 1089 4138 duoque
1110 4051 1268 4139 συνζυγος,
1297 4056 1380 4120 istae
1403 4067 1504 4140 etque

428 4160 510 4228 aliae
537 4165 651 4250 viginti
681 4163 765 4230 duee
794 4165 944 4252 εροβολει
958 4197 961 4202 ·
974 4163 1188 4234 reddiderunt
1214 4168 1329 4254 viginti
1359 4180 1504 4254 quatuor

511 4316 540 4376 9.
563 4339 661 4382 αιωνοε
681 4321 801 4395 (movere
820 4321 870 4399 Ρ.)
941 4321 993 4384 26.
1019 4323 1096 4386 vidit
1122 4317 1271 4403 (viderati
1291 4323 1343 4402 P.)
1393 4323 1447 4385 ³0.
1471 4335 1504 4385 et

425 4413 536 4500 viginti
557 4414 633 4494 (add.
654 4415 719 4478 aliis
739 4417 789 4496 P.)
