3296 5354
944 447 985 511 12

426 633 494 696 iam
516 626 582 694 dixi
603 628 698 694 vobis
724 649 821 693 nune.
865 625 909 692 Et
935 629 1044 692 inveni
1072 651 1230 713 μυστηριεν
1257 629 1292 692 in
1318 647 1393 692 meo
1422 623 1503 694 otu-

426 772 520 831 μετι,
560 747 717 832 scriptum
739 746 774 806 in
804 744 947 827 quinque
977 740 1095 817 verbis,
1127 762 1211 827 quae
1243 739 1430 828 (pertinent)
1461 739 1505 804 ad

360 847 375 888 ’Χ
428 857 645 924 altitudinem:
669 879 769 920 zama
796 877 896 920 zama
918 853 1005 918 daza
1032 851 1188 918 rachama
1211 851 1302 930 (izai,
1333 857 1424 918 euius
1454 868 1505 919 est

429 973 563 1038 solutio:
586 997 759 1058 μυστηριεν,
788 967 877 1055 quod
900 981 950 1032 est
972 981 1065 1032 extra
1086 971 1120 1030 in
1142 995 1265 1054 κοσμῳ,
1289 972 1380 1032 errius
1405 990 1506 1033 eausa

426 1091 618 1152 universnm
640 1085 765 1148 sactum
788 1096 853 1159 est,
883 1081 945 1146 hoc
970 1093 1019 1145 est
1042 1084 1182 1168 egressio
1208 1084 1313 1148 omnis
1343 1094 1376 1147 et
1403 1081 1538 1147 elatios

428 1204 550 1276 omnis,
579 1200 641 1263 hoe
670 1199 808 1285 proiecit
835 1198 1057 1260 emanationes
1089 1217 1202 1260 omnes
1237 1195 1386 1272 ethaeo,
1418 1217 1505 1282 quae

428 1317 561 1380 suntin
589 1315 658 1377 istis
689 1309 848 1376 omnibus.
894 1309 939 1374 Et
965 1309 1061 1374 huius
1093 1331 1190 1374 causa
1217 1336 1374 1396 μυετηριεν
1397 1308 1503 1396 quod·

428 1427 519 1515 quod
542 1425 666 1491 factum
689 1438 739 1489 est
761 1438 860 1510 atque
883 1427 982 1488 etiam
1006 1446 1120 1488 eorum
1143 1451 1224 1489 τεπιι
1250 1445 1372 1488 omnes.
1418 1423 1503 1486 Veni

429 1540 471 1606 ad
493 1564 569 1618 nos,
592 1538 684 1627 quod
705 1562 765 1604 nos
790 1541 878 1603 socia
900 1551 959 1602 tua
980 1551 1071 1622 μελε.
1101 1538 1168 1602 Νοε
1187 1551 1297 1602 autem
1313 1537 1372 1621 (δε)
1390 1559 1501 1602 omnes

427 1669 538 1721 teeum
562 1677 704 1742 quoque.
748 1653 815 1718 Nos
845 1675 931 1716 unus
954 1651 1116 1738 idemque,
1140 1667 1238 1739 atque
1268 1649 1386 1741 (tues)
1416 1673 1501 1715 unus
1521 1677 1546 1719 u

428 1769 580 1856 idemque
612 1771 667 1857 (sc.
697 1782 807 1832 tecum
838 1780 870 1830 et
903 1765 1095 1851 nobiseum).
1154 1765 1246 1831 Istud
1280 1781 1330 1830 est
1358 1768 1503 1853 primum

428 1911 595 1974 μυετηριεν,
626 1881 717 1971 quod
739 1882 864 1946 factum
888 1893 937 1945 est
960 1880 1001 1944 ab
1023 1883 1115 1944 initio
1138 1883 1173 1944 in
1195 1881 1272 1957 hoc,
1303 1883 1360 1967 qui
1386 1879 1502 1944 ineffa-

428 1999 515 2076 bilis,
546 2010 725 2085 antequam
747 1994 889 2082 προελθες
922 2009 1021 2081 atque
1043 2017 1166 2060 nomen
1192 1995 1277 2058 illius
1300 2017 1361 2060 nos
1389 2015 1502 2060 omnes

428 2136 551 2179 sumus.

516 2226 610 2290 Nune
632 2226 731 2311 igitur
753 2246 813 2289 uos
838 2243 950 2288 omnes
975 2223 1071 2288 simul
1093 2225 1233 2289 vivimus
1255 2222 1315 2288 tibi
1339 2221 1429 2310 apud
1449 2221 1499 2287 ul·
1519 2247 1545 2287 rs

427 2342 546 2405 timum
569 2343 654 2425 ὁριεν,
686 2336 776 2424 quod
797 2337 886 2402 idem
914 2350 964 2402 est
990 2339 1145 2402 ultimum
1172 2365 1329 2424 μυστηριον
1355 2336 1431 2401 inde
1459 2336 1500 2400 ab

427 2455 571 2518 internis.
623 2451 715 2516 Istud
744 2473 877 2538 quoque
912 2477 1000 2540 μερος
1037 2465 1087 2516 εει
1115 2455 1229 2516 nostri.
1281 2452 1374 2516 Nune
1404 2454 1502 2538 igitur

426 2570 575 2632 misimus
597 2565 657 2629 tibi
683 2579 780 2630 tuum
809 2563 938 2650 ενδιμε,
971 2565 1061 2652 quod
1088 2570 1198 2654 ipsum
1223 2581 1319 2630 tuum
1349 2579 1399 2630 est
1425 2563 1501 2629 inde

429 2681 470 2748 ab
493 2685 599 2757 initio,
624 2679 714 2768 quod
735 2683 874 2767 posuisti
896 2683 931 2744 in
952 2680 1069 2744 ultimo
1094 2685 1163 2768 ὅρῳ,
1191 2684 1247 2767 qui
1269 2681 1357 2744 idem
1379 2693 1430 2744 est
1450 2678 1500 2741 ul-

426 2800 546 2861 timum
575 2821 732 2882 μυστηριεν
763 2793 804 2859 ab
835 2797 985 2871 internis,
1022 2817 1126 2881 usque
1157 2793 1237 2860 dum
1272 2797 1340 2860 eius
1370 2807 1500 2880 tempus
1518 2819 1546 2859 ao

426 2910 619 2999 impleretur
647 2936 731 2976 κετε
754 2923 889 2976 sensorio
916 2912 1013 2998 primi
1035 2937 1206 2994 μυστηριιυ.
1255 2909 1323 2986 Ειι,
1353 2922 1501 2997 tempore

427 3029 497 3091 eius
521 3025 687 3101 absoluto,
716 3023 802 3089 dabo
824 3023 859 3088 id
882 3023 950 3088 tihi.
995 3023 1080 3087 Veni
1103 3023 1146 3088 ad
1168 3023 1242 3088 nos!
1272 3025 1348 3110 quia
1376 3037 1500 3088 stamus

329 3149 332 3154 '
427 3139 516 3228 apud
538 3154 571 3204 te
595 3161 724 3215 omnes,
745 3151 785 3202 ut
806 3137 982 3203 induamus
1005 3137 1064 3201 tibi
1085 3141 1230 3224 primum
1243 3163 1401 3223 μυστηριον
1417 3141 1500 3201 εἰιιε-

428 3275 492 3340 que
515 3254 652 3341 gloriam
675 3275 807 3318 omnem
828 3274 889 3339 per
910 3265 1045 3318 κελευσιν
1073 3253 1189 3339 ipsius,
1216 3251 1307 3338 quod
1329 3251 1419 3316 dedit
1440 3273 1500 3316 no·

425 3367 476 3432 bis
498 3370 643 3455 primum
665 3391 831 3452 μυετηριον,
855 3367 995 3430 existens
1019 3363 1174 3448 ενὸυμιιτει
1197 3364 1278 3443 duo,
1302 3389 1368 3453 quo
1384 3365 1500 3430 indua·
1516 3390 1545 3431 ιε

426 3503 500 3544 mus
523 3493 572 3555 te,
601 3492 731 3566 praeter
760 3481 877 3564 (χωρις)
908 3477 984 3553 hoe,
1022 3478 1113 3565 quod
1142 3483 1289 3546 misimus
1318 3479 1392 3557 tibi,
1424 3483 1501 3566 quia

426 3612 461 3657 es
486 3590 601 3677 dignus
623 3594 677 3668 iis,
701 3595 779 3678 quia
802 3589 925 3676 (επειὸη)
948 3605 986 3656 ιιι
1007 3614 1040 3656 εε
1060 3597 1152 3681 prior
1170 3595 1264 3660 nobis
1280 3609 1379 3681 atque
1395 3593 1500 3658 iaetus

426 3720 477 3770 εει
500 3717 575 3770 ante
598 3727 668 3770 nos.
705 3705 846 3794 Propter
867 3705 930 3770 hoe
951 3709 1050 3793 igitur
1071 3711 1217 3796 primum
1238 3735 1396 3794 μυστηριεν
1413 3711 1501 3772 misit

425 3820 486 3887 tibi
508 3842 568 3910 per
590 3842 650 3886 nos
673 3847 830 3908 μυστηριον
853 3842 932 3886 suae
955 3820 1076 3909 gloriae
1103 3827 1219 3902 totius,
1249 3824 1340 3911 quod
1363 3836 1427 3890 est:
1456 3851 1499 3890 εν·

425 4000 516 4074 (κατα
536 3997 683 4076 modum).
741 3997 770 4056 2.
791 3997 913 4079 proprie
934 3998 1036 4080 nepai
1057 4008 1103 4058 est
1123 4023 1258 4083 γραμμα,
1284 4001 1353 4062 dein
1375 4001 1498 4062 omnino

427 4098 578 4179 Scriptum
593 4097 727 4179 aliquod,
750 4099 835 4159 liber.
875 4098 966 4175 Puto,
988 4097 1046 4160 hoc
1068 4099 1097 4158 in
1120 4098 1187 4160 ioco
1203 4101 1385 4183 significare:
1404 4101 1499 4182 scrip-

425 4207 490 4255 tum
514 4197 649 4259 verbum.
693 4197 722 4258 4.
744 4223 840 4276 ussup
866 4198 941 4277 (veis
965 4211 1046 4260 extra
1069 4200 1193 4268 κοτμονῖ
1214 4200 1264 4276 Ρ.)
1318 4203 1367 4262 12.
1390 4201 1499 4261 sactum

427 4305 473 4355 est
495 4295 567 4372 (init
580 4296 630 4376 P.)
672 4298 722 4357 22.
746 4299 821 4361 dabo
843 4298 873 4359 id
894 4299 950 4360 tibi
965 4299 1133 4378 (induamus
1148 4300 1225 4361 tibi?
1246 4301 1295 4378 P.)
1337 4301 1388 4364 28.
1404 4302 1497 4364 sactus

427 4405 473 4454 est
494 4395 565 4474 (pro
587 4397 684 4474 „est”
707 4397 884 4480 legendum:
907 4400 994 4477 „es”
1016 4400 1079 4462 vel:
1102 4399 1185 4462 suisti
1206 4400 1256 4478 P.)
