3240 5328
630 477 697 549 245

209 667 279 748 Peg.
297 661 347 723 47.
374 661 393 721 Ι.
414 659 443 722 4.
480 660 580 722 Verbo
601 659 785 738 „statuisti”
807 659 870 721 add.
900 659 1030 737 „mihi”
1069 660 1112 721 lb.
1135 660 1155 720 l.
1168 657 1198 721 7.

126 768 186 828 Pro
207 785 324 842 „meum
347 763 454 823 sociam
469 754 632 846 προβολην”
655 759 829 822 vertendum
851 781 952 836 „mess
975 761 1070 822 socies
1091 754 1202 846 προβο-

125 867 200 930 λας”
223 877 254 926 et
275 863 295 923 1.
310 863 338 923 8.
363 861 505 938 „meum”
522 882 578 942 pro
600 859 736 937 „meam”
757 861 792 920 P.

210 966 280 1048 Peg.
299 963 350 1024 51.
376 961 397 1021 l.
414 965 464 1021 11.
505 961 565 1022 Pro
587 958 728 1045 „Supra”
749 961 938 1023 scribendum
968 961 1087 1023 videtur
1113 960 1201 1040 „521-

126 1066 208 1153 „nr
230 1066 262 1124 Ρ.

208 1166 279 1250 Peg.
293 1164 342 1226 53.
365 1163 385 1225 l.
402 1164 430 1224 9.
472 1163 532 1224 Pro
554 1161 736 1247 „pompm”
758 1161 945 1224 scribendum
967 1162 1087 1224 videtur
1106 1185 1202 1240 ‚pon-

124 1266 241 1351 τηριων”
263 1267 296 1324 Ρ.

210 1365 281 1446 Peg.
296 1362 345 1423 62.
367 1363 388 1422 l.
403 1363 453 1422 33.
495 1363 577 1424 Pone
600 1387 665 1438 ,,,,,
667 1363 837 1442 χλουντων”
858 1364 931 1426 adde
952 1364 1065 1440 „mihi”
1087 1364 1121 1424 P.

210 1464 282 1547 Peg.
303 1461 355 1524 78.
378 1461 397 1522 l.
414 1462 463 1521 11.
505 1461 564 1520 Pro
586 1461 693 1540 „quod
714 1462 770 1522 ivit
790 1462 825 1522 ad
847 1487 929 1539 penno
946 1463 1120 1524 hominum”
1135 1486 1202 1526 ver-

128 1578 193 1626 tere
216 1562 314 1624 malim
336 1562 498 1642 „quoniam
520 1561 673 1622 misertum
695 1572 741 1621 est
762 1584 863 1638 γενους
885 1559 1058 1622 hominum”
1080 1563 1112 1621 P.

210 1666 282 1748 Psg.
295 1663 344 1724 81.
367 1662 385 1722 1.
403 1660 452 1721 26.
495 1661 555 1721 Pro
577 1661 841 1742 „introspiciens”
862 1661 1039 1725 vertendum
1060 1663 1204 1742 „prospi-

128 1765 229 1827 ciens”
251 1765 284 1824 it.
305 1785 334 1844 p.
350 1762 399 1822 82.
420 1761 440 1821 l.
455 1761 504 1821 12.

210 1867 282 1948 Peg.
298 1863 348 1925 93.
371 1862 391 1922 Ι.
409 1861 458 1921 18.
484 1871 515 1923 et
541 1884 571 1941 p.
586 1858 636 1920 94.
664 1860 749 1922 1.11.
786 1861 920 1922 Verbum
941 1862 1127 1940 ,,πλαπιιν”
1149 1863 1203 1942 (in

127 1978 212 2028 textu
232 1967 354 2042 utere)
375 1962 495 2024 videtur
516 1961 656 2042 scriptum
678 1982 733 2043 pro
755 1955 941 2038 ,sstnrrreffl
964 1964 997 2024 P.

210 2067 281 2149 Peg.
297 2064 345 2124 96.
368 2062 388 2122 l.
404 2064 453 2121 11.
487 2061 571 2122 Loco
592 2059 743 2139 „affecte”
765 2061 955 2124 scribendum
977 2062 1148 2140 „effectus”
1169 2065 1202 2125 P.

211 2167 283 2248 Peg.
304 2163 374 2224 119.
400 2160 484 2223 118.
525 2162 585 2222 Pro
613 2162 868 2243 „prospiciente”
894 2164 1036 2226 verterim
1066 2164 1203 2246 equidem

130 2264 308 2344 „exeunte”
330 2265 364 2325 P.

211 2366 282 2450 Peg.
295 2365 364 2425 121.
387 2362 408 2423 l.
422 2362 450 2423 3.
486 2362 554 2423 Vox
577 2363 692 2422 ’mere
713 2361 741 2424 h.
762 2363 782 2424 1.
809 2365 855 2445 (in
876 2376 962 2426 textu
988 2388 1017 2447 p.
1034 2365 1104 2426 189.
1132 2365 1152 2426 1.
1167 2365 1204 2445 3)

130 2479 163 2527 ut
183 2466 253 2527 alibi
276 2486 392 2547 semper
419 2463 533 2525 reddita
561 2475 607 2524 est
627 2484 684 2544 per
708 2484 813 2525 vocem
841 2464 1016 2542 „tentum”
1058 2465 1204 2545 Equidem

127 2566 176 2628 hic
197 2578 231 2627 ut
252 2589 281 2648 p.
296 2567 326 2625 1.
349 2565 370 2624 1.
386 2564 416 2623 3.
440 2564 560 2625 eandem
581 2575 699 2624 vertere
720 2564 820 2624 malim
841 2563 958 2642 „adeo”
980 2563 1013 2623 P.

211 2667 282 2746 Peg.
297 2664 366 2722 125.
388 2662 407 2721 1.
425 2661 472 2722 13.
506 2663 567 2721 Pro
589 2664 662 2741 „qui
684 2665 797 2744 accepit
817 2687 966 2750 μυστηριον
979 2685 1036 2746 pro
1059 2664 1116 2726 eo”
1137 2685 1204 2726 ver-

128 2764 251 2827 tendum
274 2781 382 2823 censeo
408 2780 492 2840 „pro
513 2759 598 2838 quo”
619 2760 667 2820 vel
695 2762 806 2835 „cuius
828 2774 1006 2844 acceperunt
1033 2768 1087 2844 (sc.
1109 2785 1203 2825 unus-

129 2863 269 2946 quisque)
290 2858 457 2944 nvmppmffl
478 2858 512 2918 P.

211 2965 282 3047 Peg.
296 2961 365 3020 133.
387 2960 408 3020 l.
423 2957 453 3018 5.
494 2958 554 3019 Pro
576 2958 697 3034 „sactus
720 2958 761 3019 tit
780 2957 889 3029 ὒμνος”
908 2959 1086 3022 vertendum
1106 2962 1204 3041 „secti

128 3067 190 3127 sint
210 3063 314 3135 9μνοι”
335 3061 368 3121 P.

211 3165 282 3247 Peg.
298 3162 368 3224 143.
390 3160 410 3222 1.
425 3158 455 3221 5.
498 3161 558 3222 Pro
581 3157 793 3239 „meffabilia”
815 3159 1004 3225 scribendum
1025 3184 1203 3249 ,mos-rupem

129 3265 230 3327 illius”
249 3265 282 3325 P.

211 3365 283 3448 Peg.
297 3361 367 3424 151.
390 3362 410 3423 l.
425 3361 474 3424 14.
516 3362 576 3423 Pro
598 3362 658 3441 „in
684 3371 802 3422 κολασει
822 3361 919 3425 dure”
940 3363 1116 3427 vertendum
1144 3364 1205 3442 „in

127 3475 265 3526 κολασισι
287 3464 391 3524 duris”
414 3464 447 3524 P.

211 3566 281 3648 Peg.
295 3561 364 3624 167.
387 3563 407 3624 1.
418 3561 471 3626 25.
491 3563 575 3626 Loco
588 3563 777 3649 ,pompand’
788 3563 964 3628 vertendum
979 3565 1159 3654 „pompeo”
1170 3566 1205 3629 Ρ.

210 3664 282 3748 Peg.
296 3663 366 3726 172.
389 3664 409 3724 Ι.
424 3664 453 3724 6.
482 3663 627 3728 Deltstur
647 3663 788 3746 „porro”
807 3664 842 3725 P.

211 3765 283 3846 Peg.
297 3764 366 3825 172.
389 3763 409 3824 l.
426 3761 474 3824 15.
510 3764 570 3826 Pro
592 3788 714 3844 ,,τοπον,
736 3765 771 3825 ed
792 3765 873 3845 quod
885 3776 1065 3846 acceperuut
1078 3766 1204 3844 σχημα”

129 3862 306 3925 vertendum
337 3862 456 3924 videtur
482 3885 608 3938 „eonem
639 3863 723 3921 cuius
750 3864 793 3940 (t.
819 3861 885 3937 „de
906 3863 1000 3942 quo”)
1026 3875 1206 3943 acceperunt

130 3961 267 4041 σχημα,”
289 3971 321 4020 et
347 3959 545 4042 supplendum
570 3960 602 4020 in
629 3970 714 4020 textu
740 3959 784 4039 (p.
797 3955 870 4020 273.
893 3959 912 4020 1.
930 3957 985 4040 14)
1010 3961 1040 4019 1
1059 3971 1128 4024 ente
1149 3982 1205 4026 to-

130 4083 193 4124 cem
214 4079 339 4120 nronoe
360 4060 394 4120 P.

210 4159 284 4244 Peg.
300 4157 371 4221 172.
393 4158 413 4219 l.
426 4159 476 4220 28.
512 4160 596 4222 Loco
616 4157 699 4238 „bi”
721 4157 911 4220 scribendum
932 4159 1055 4239 „haec”
1076 4161 1111 4222 P.

213 4262 283 4344 Peg.
297 4258 369 4324 173.
392 4259 476 4321 120.
511 4260 586 4320 Post
605 4279 709 4321 vocem
732 4259 1007 4336 ,‚1aciemus”adde
1029 4260 1106 4339 „ti”
1128 4262 1161 4324 P.

212 4361 282 4444 Peg·
298 4358 368 4421 186.
394 4358 479 4422 1.17.
521 4359 606 4423 Pone
632 4359 818 4440 „sturm”
840 4358 912 4424 tdde
937 4363 1147 4441 „nusvttoeros”
1168 4363 1203 4424 P.
