3240 5328
943 445 1010 512 232

439 628 572 695 flamma
596 625 724 694 ardoris
746 629 806 692 sui.
851 623 897 692 Et
924 647 1027 712 quum
1055 631 1178 714 epops
1206 647 1359 692 conversa
1386 629 1434 704 sit,
1454 640 1484 692 ut

438 743 572 810 veniens
595 763 718 830 parvus
742 739 903 817 Sabaoth,
932 737 1060 826 apator,
1089 761 1189 825 quern
1210 753 1329 804 vocant
1349 743 1380 804 iu
1399 766 1483 826 aerpp

438 865 515 932 Ate,
544 859 655 922 veniat
681 858 715 920 in
737 853 947 920 undecimum
976 879 1068 920 ecura
1094 863 1243 939 adapes,
1274 875 1369 940 quern
1389 866 1483 918 tonat

437 967 607 1057 'pooxoou
637 981 670 1034 et
691 981 730 1032 ut
751 970 862 1032 veniat
884 966 1054 1046 Βουβαστις
1074 969 1108 1030 in
1132 969 1284 1052 quintum
1307 994 1392 1033 stura
1409 976 1484 1053 apaa-

438 1107 502 1170 ρας,
526 1105 624 1170 quem
647 1094 768 1148 vocant
790 1090 927 1156 llteeno,
949 1079 1100 1146 revelatis
1121 1107 1400 1166 aarmmpnnn,
1420 1101 1484 1165 quae
1508 1101 1515 1140 t

439 1199 527 1262 inter
553 1196 629 1272 bos,
659 1198 715 1280 qui
743 1193 931 1282 (pertinent)
963 1193 1005 1259 ad
1035 1196 1198 1259 sinistram
1226 1208 1259 1259 et
1288 1193 1329 1257 ad
1355 1193 1485 1268 dextram,

438 1311 616 1398 prospiciet
639 1329 679 1372 ex
702 1307 872 1373 altitudine
895 1329 1034 1394 magnus
1061 1316 1136 1383 Ian,
1167 1305 1295 1393 epodos,
1325 1310 1377 1394 qui
1397 1309 1486 1394 (perd

438 1421 507 1506 net)
535 1421 577 1486 ad
599 1447 706 1505 μενον,
736 1424 771 1485 in
798 1447 905 1492 τοπους
927 1420 1144 1504 Ιωχθανωβας,
1174 1433 1213 1484 ut
1243 1425 1312 1486 elus
1340 1447 1413 1486 torn
1438 1419 1486 1483 sol·
1556 1383 1559 1510 l

438 1533 538 1602 vendi
560 1549 705 1624 pereant,
729 1548 763 1600 et
784 1548 823 1599 ut
845 1533 997 1600 auferant
1010 1531 1128 1622 ψυχας
1144 1556 1268 1612 omnes,
1292 1557 1372 1621 quae
1391 1537 1421 1597 iu
1434 1535 1486 1598 eius

438 1661 614 1726 κολασεσιν,
643 1663 682 1714 ut
703 1650 850 1713 reiieiant
872 1671 926 1714 eas
953 1651 988 1713 in
1010 1657 1146 1736 spelpes
1174 1652 1310 1724 iterum,
1339 1659 1518 1736 proptereat

440 1762 531 1849 quod
552 1776 692 1850 pereunt
713 1765 748 1826 in
771 1765 840 1827 eius
863 1777 1032 1828 aeternna.
1077 1761 1149 1827 Hae
1177 1765 1278 1850 igitur
1301 1775 1374 1827 sunt
1393 1757 1488 1849 apulos
1558 1777 1559 1804 ¹

438 1877 569 1942 viarum
598 1875 712 1954 medii,
747 1899 828 1963 quas
861 1879 1085 1963 interrogastis
1116 1898 1179 1941 me.
1232 1877 1345 1959 Quum
1372 1869 1488 1940 baetis

439 1989 607 2055 audissent
627 1987 774 2075 μαθηται,
804 2002 1047 2076 prosternentes
1077 2011 1128 2067 ee,
1159 1989 1341 2055 adorarunt
1366 2011 1434 2054 eum
1452 1987 1488 2050 di·

439 2117 564 2168 eentes:
594 2101 692 2182 βοηθει
714 2102 825 2181 nobis,
850 2102 980 2168 domine
1004 2117 1130 2180 noster,
1160 2107 1315 2170 miserere
1336 2105 1442 2178 nostri,
1460 2113 1487 2164 ut

439 2235 608 2282 servemur
631 2215 672 2280 ab
695 2218 746 2281 bis
769 2230 914 2282 anteneri
937 2215 1045 2293 malis,
1069 2239 1154 2304 quae
1177 2233 1315 2305 paratae
1334 2215 1516 2306 peccatori-a

323 2319 399 2396 372
436 2327 515 2406 bus;
546 2351 607 2394 vae
629 2331 682 2406 iis,
713 2351 774 2394 vae
797 2333 853 2406 iis,
885 2329 958 2394 filiis
981 2330 1168 2407 bominum,
1200 2333 1294 2418 quod
1316 2345 1407 2397 erunt
1425 2333 1487 2394 siout

439 2443 525 2507 eaesi
546 2442 718 2531 palpantes
740 2445 775 2506 in
798 2443 941 2530 ealigine,
965 2443 1054 2508 baud
1076 2443 1233 2511 videntes.
1281 2450 1424 2512 Miserere
1442 2464 1485 2507 no·

438 2558 513 2634 stri,-
538 2555 681 2634 domine,
709 2560 742 2620 in
765 2557 826 2621 bae
849 2579 968 2644 magna
991 2562 1158 2636 caecitate,
1181 2562 1215 2622 in
1240 2583 1308 2646 qua
1331 2581 1446 2632 sumus,
1464 2567 1487 2619 et

436 2673 590 2734 miserere
613 2694 713 2754 γενους
741 2673 844 2734 totius
870 2670 1020 2748 bumani,
1051 2671 1141 2758 quod
1171 2673 1367 2739 insidiantur
1395 2691 1486 2737 eorum

435 2779 563 2870 ψυχαις
593 2785 677 2848 sieut
704 2782 816 2848 leones
847 2787 880 2847 iu
914 2783 1086 2870 praedam,
1118 2800 1272 2871 parantes
1303 2809 1374 2852 earn
1400 2793 1515 2870 appare

436 2898 504 2961 suis
527 2909 673 2963 notarent
695 2911 832 2985 propter
849 2896 1047 2963 oblivionem
1070 2913 1103 2965 et
1120 2904 1349 2987 ignorantiam,
1373 2900 1487 2988 quaein

434 3010 484 3074 iis.
530 3010 682 3076 Miserere
705 3014 802 3098 igitur
825 3015 943 3089 nostri,
966 3011 1097 3078 domine
1120 3027 1247 3091 noster,
1279 3042 1367 3100 σωτερ
1388 3026 1486 3084 noser,

434 3124 589 3189 miserere
611 3127 725 3200 nostri,
748 3124 865 3191 liberes
888 3147 949 3190 nos
973 3125 1014 3190 ab
1036 3127 1097 3191 hae
1121 3151 1240 3216 magna
1259 3133 1360 3194 animi
1380 3141 1485 3218 pertur-

433 3234 576 3302 batione.
621 3238 712 3302 Dixit
733 3237 822 3304 Iesus
846 3243 912 3304 suis
934 3239 1098 3322 nudarant
1128 3243 1298 3321 confidite,
1328 3244 1485 3310 neumate

435 3350 526 3436 quod
549 3353 624 3416 estis
647 3379 800 3437 peeapne
838 3353 922 3436 Nam
945 3352 1061 3420 faniam
1084 3378 1145 3421 vos
1162 3355 1315 3433 dominos
1332 3379 1422 3445 super
1439 3353 1513 3416 bosa

435 3483 558 3539 omnes,
582 3478 615 3529 et
638 3465 757 3531 faciam
780 3489 836 3532 eos
859 3473 1036 3534 barrama
1059 3469 1153 3534 vobis
1178 3471 1341 3538 omnibus.
1386 3471 1483 3535 Reeor·

434 3571 570 3650 damini,
593 3598 646 3640 me
668 3581 735 3642 iam
759 3579 876 3645 dixisse
898 3581 1008 3658 vobis,
1033 3597 1209 3670 antequam
1233 3611 1419 3670 enaupnrer
1437 3600 1483 3650 mt
1556 3591 1557 3618 ¹

432 3708 486 3752 me
517 3686 673 3752 daturum
703 3711 773 3755 esse
802 3690 897 3756 vobis
933 3694 1040 3762 claves
1070 3701 1160 3785 regui
1189 3700 1366 3764 caelorum.
1411 3695 1483 3761 Nunc

431 3803 553 3866 iterum
581 3801 653 3868 dieo
677 3803 786 3882 vobis,
816 3828 870 3871 me
898 3805 1055 3876 daturum
1083 3833 1153 3876 esse
1184 3834 1239 3878 eas
1268 3812 1372 3879 vobis.
1414 3809 1483 3874 llaec
1556 3841 1557 3910 l

430 3917 530 4002 igitur
559 3915 689 3983 loeutus
718 3918 808 3985 lesus
844 3943 947 4006 quum
976 3926 1119 4009 ύμνευσεν
1150 3929 1183 3990 in
1214 3949 1335 4014 magno
1366 3925 1512 3992 nominos
1556 3915 1557 3986 l

432 4030 551 4093 oeeulti
574 4044 652 4095 sunt
672 4058 754 4098 roasa
771 4037 845 4100 viae
867 4034 979 4112 medii,
1004 4051 1037 4102 et
1058 4037 1147 4104 lesus
1171 4061 1244 4103 eum
1269 4043 1336 4106 suis
1358 4036 1483 4123 padanus

429 4147 551 4208 mansit
572 4146 607 4208 in
629 4171 691 4231 espa
712 4145 844 4212 luminis
868 4152 1008 4215 maximi.
1048 4152 1139 4216 Dixit
1152 4152 1242 4218 lesus
1259 4157 1324 4220 suis
1340 4151 1480 4237 μιθητιιςτ

431 4251 693 4346 adpropinquate
715 4261 809 4339 mibi,
840 4276 873 4328 et
899 4263 1206 4354 adpropinquarunt
1234 4271 1271 4333 ei.
1318 4266 1480 4332 conversus

428 4367 464 4432 iu
487 4381 630 4454 quatuor
653 4375 789 4460 angulos
816 4403 933 4466 κοσμου
962 4377 1043 4446 dixit
1071 4401 1228 4469 magnum
1257 4403 1377 4448 nomen
1402 4393 1480 4465 super
