3296 5354
657 470 702 539 77

138 677 232 718 πιπτει
252 657 366 738 rodae,
394 644 486 734 quod
508 661 558 713 est
578 646 656 714 boc:
687 651 894 739 congregabis
918 655 1012 720 eain
1034 664 1155 746 σοφιων,
1177 671 1217 724 ut

139 765 239 830 facias
269 787 308 828 ea
337 789 440 848 capvvvv
471 784 545 826 cum
574 763 659 828 illius
689 767 731 829 vi.
771 764 900 852 Veritas
925 790 1056 854 quoque
1080 784 1130 834 est
1156 773 1216 848 vis,

139 901 223 965 quae
247 881 325 942 exiit
348 899 388 942 ex
410 889 452 952 te,
475 890 627 941 versante
651 879 684 941 in
704 904 800 948 τοποις
814 879 948 944 infernis
964 907 1073 964 χαους.
1110 882 1214 970 Prop-

138 1007 188 1057 ter
211 993 274 1056 boc
297 1005 355 1055 tua
377 993 427 1054 vis
452 988 533 1052 dixit
555 1012 614 1077 per
636 990 813 1055 Davidem:
842 997 964 1058 veritas
993 999 1215 1081 progermina-

85 1131 99 1168 ε
138 1110 188 1171 vit
210 1129 227 1170 e
250 1119 352 1181 terra,
382 1117 559 1191 propterea
582 1104 672 1190 quod
695 1127 728 1168 es
751 1108 785 1168 in
812 1132 909 1178 τοποις
935 1105 1069 1171 infernis
1099 1108 1215 1186 chaus:

139 1218 305 1292 beatotum
331 1239 463 1304 quoque
492 1221 660 1304 conspexit
691 1241 708 1282 e
740 1218 845 1294 caelo,
876 1223 946 1307 ipsa
976 1218 1008 1285 dr
1037 1225 1100 1297 vis,
1132 1245 1217 1307 quae

141 1335 218 1398 exiit
247 1354 287 1396 ex
319 1329 488 1394 altitudine
519 1355 539 1394 a
569 1334 675 1416 primo
705 1357 874 1418 μυστηριῳ,
906 1355 989 1418 quae
1018 1337 1154 1398 intravit
1182 1338 1217 1397 in

141 1455 263 1532 σοφιων.
319 1444 456 1507 Factum
486 1447 584 1529 igitur
615 1458 680 1521 est,
712 1468 815 1531 quum
843 1428 932 1510 lesus
964 1445 1108 1512 audisset
1136 1447 1217 1512 baec

141 1557 258 1634 verba,
288 1557 378 1621 dixit:
405 1583 474 1642 ευγι
497 1557 671 1634 Maribam,
700 1585 858 1644 μακαριω,
887 1582 971 1645 quae
993 1573 1218 1646 κληρονομησεις
1254 1557 1288 1614 'X

89 1698 115 1738 ro
141 1695 289 1758 regnum.
327 1670 407 1735 Post
429 1670 508 1734 haec
530 1692 704 1757 progressa
728 1695 860 1758 quoque
883 1674 985 1737 Maria
1007 1687 1112 1737 mater
1133 1673 1216 1750 lesu,

141 1787 235 1851 dixit:
265 1788 310 1849 mi
334 1784 464 1848 domine
496 1796 529 1848 et
555 1787 601 1846 mi
630 1810 733 1868 σωτερ,
762 1799 866 1851 arteve
891 1787 971 1850 mibi
1000 1808 1148 1873 quoque,
1179 1799 1218 1851 ut
1242 1775 1266 1808 '‘

142 1900 248 1965 dicam
275 1899 363 1962 bunc
392 1919 577 1962 sermonem
605 1899 639 1960 in
667 1901 943 1986 interpretatione.
975 1900 1087 1964 'Dixit
1113 1899 1217 1964 lesus:

143 2017 234 2077 cuius
256 2037 377 2094 πνευμω
400 2010 500 2075 fuerit
522 2038 619 2096 νοερον,
648 2011 738 2076 haud
764 2027 892 2080 κωλυσω
916 2036 1007 2100 eum,
1038 2027 1129 2081 αλλα.
1148 2039 1218 2098 προ·

143 2152 238 2209 :praa
261 2147 336 2189 eum
358 2127 459 2210 magis
488 2124 727 2190 addicendum
751 2153 863 2210 νοημα,
893 2127 983 2213 quod
1004 2131 1111 2192 movit
1133 2149 1218 2192 eum.
1261 2114 1332 2185 120

89 2265 116 2306 ra
143 2239 236 2302 Nunc
258 2240 356 2324 igitur
377 2238 492 2314 Maria,
521 2261 596 2304 mea
624 2253 729 2305 mater
758 2240 827 2308 καθ’
845 2244 928 2317 dano,
960 2245 996 2305 in
1024 2264 1089 2327 qua
1112 2240 1218 2306 diver·
1258 2237 1283 2282 Χ

145 2366 235 2418 satus
259 2374 341 2428 sum,
364 2365 484 2420 κιλευω,
499 2352 567 2428 tihi,
590 2367 628 2417 ut
652 2353 738 2417 dicas
759 2366 800 2418 tu
823 2377 954 2440 quoque
978 2383 1073 2440 ναημοι
1095 2377 1217 2420 sermo·

142 2469 202 2532 nis.
247 2464 460 2554 Respondeas
491 2464 522 2532 dc
544 2467 649 2531 Maria
675 2467 769 2531 dixit:
797 2472 843 2532 mi
867 2468 1013 2546 domine,
1042 2468 1083 2534 de
1105 2468 1217 2544 verbo,

144 2579 234 2667 quod
255 2583 386 2676 tualvis
417 2589 618 2668 επροφητευσε
646 2603 706 2669 per
728 2582 903 2648 Davidem:
938 2583 1159 2648 misericordia
1187 2595 1220 2647 et

143 2697 264 2758 veritas
288 2707 501 2758 occurrerunt
524 2694 597 2770 sibi,
623 2693 788 2770 beatotum
813 2709 846 2760 et
868 2723 955 2782 ειρηνη
978 2697 1142 2762 osculatae
1159 2695 1220 2761 sibi

91 2833 119 2874 oo
147 2821 223 2872 sunt
244 2811 398 2884 invicem:
421 2811 541 2872 veritas
563 2813 822 2896 progerminavit
845 2823 980 2887 eterra,
1005 2824 1038 2874 et
1054 2810 1219 2884 diaetarum

147 2925 314 3008 conspexit
342 2943 359 2986 e
387 2920 494 2998 caelo,
513 2959 550 2970 —
577 2935 635 2986 tua
665 2925 714 2986 vis
746 2932 959 3010 επροφητευσεν
990 2922 1051 2986 boc
1080 2922 1220 2986 verbum

148 3036 226 3099 olim
250 3033 289 3099 de
312 3048 360 3111 te,
389 3057 491 3120 quum
515 3057 600 3100 esses
629 3036 751 3112 infans,
782 3050 960 3122 antequam
989 3062 1108 3118 πνευμω
1131 3037 1222 3098 venit
1254 3067 1285 3124 ,ς

146 3149 189 3214 ad
211 3162 243 3214 te
265 3163 452 3214 versantem
474 3153 508 3212 in
530 3153 626 3214 vinea
649 3172 724 3214 cum
750 3148 905 3237 Ioseph03
939 3151 1072 3213 veniens
1100 3173 1221 3232 πνευμα.

147 3286 188 3328 ex
215 3263 400 3339 altitudine,
431 3265 557 3327 introiit
584 3266 619 3327 in
646 3287 755 3328 meam
782 3264 919 3328 domum
949 3263 1050 3327 simile
1077 3261 1154 3336 tibi,
1189 3276 1222 3326 et

94 3403 121 3442 as
147 3375 237 3440 baud
261 3381 397 3463 cognovi
419 3375 500 3440 illud
529 3389 563 3441 et
586 3377 783 3465 cogitabam,
812 3392 845 3442 te
863 3379 953 3454 esse,
984 3391 1017 3442 et
1039 3376 1119 3440 dixit
1141 3377 1219 3439 mihi

147 3513 282 3572 πνευματ
306 3490 361 3554 ubi
384 3505 434 3556 est
447 3490 546 3567 lesus,
569 3514 662 3555 meus
686 3491 797 3570 frater,
822 3518 983 3567 ωπαιντησω
1003 3495 1040 3566 ei,
1065 3504 1098 3555 et
1118 3513 1220 3576 quum

146 3603 280 3669 dixisset
305 3604 368 3668 hoc
391 3605 484 3680 mibi,
516 3631 650 3691 ηπορησσ,
674 3620 706 3670 et
735 3606 919 3693 cogitabam
950 3629 1018 3672 esse
1044 3614 1221 3692 φαντασμω
1259 3615 1284 3670 >t

144 3719 280 3804 πειρωζον
303 3741 371 3795 me3
396 3718 502 3782 ferens
527 3715 558 3783 δε
573 3717 653 3782 illud
674 3719 770 3807 ligavi
791 3720 833 3785 ad
847 3721 966 3808 pedem
982 3720 1105 3796 cubilis,
1131 3718 1221 3805 quod

146 3835 182 3894 in
208 3852 284 3894 mea
311 3830 426 3907 domo,
454 3854 561 3918 usque
591 3832 671 3896 dum
700 3837 847 3899 venerim
878 3834 921 3899 ad
947 3856 1008 3899 vos
1036 3836 1071 3894 in
1098 3852 1221 3915 agrum,

95 3969 122 4009 oo
151 3941 217 4028 (ad)
240 3954 274 4005 te
298 3955 330 4005 et
351 3941 539 4030 losephum,
570 3960 603 4012 et
629 3950 807 4012 invenerim
836 3969 897 4012 vos
925 3950 960 4010 in
981 3948 1094 4019 vinea,
1126 3940 1223 4005 dante

148 4053 288 4143 losepbo
312 4053 405 4142 palos
427 4060 555 4137 vineae3
586 4060 711 4126 factum
737 4063 835 4146 igitur
859 4072 921 4136 est,
951 4079 1054 4144 quum
1077 4053 1222 4120 audisses

148 4191 202 4235 mc
233 4169 394 4236 dicentem
419 4171 482 4237 boc
511 4174 651 4242 verbum
678 4174 832 4263 losepbo,
868 4171 1048 4258 intelligens
1084 4168 1224 4236 verbum

163 4385 165 4388 ¹
191 4404 239 4465 10.
261 4425 389 4488 regnum
402 4407 481 4488 (add.
496 4419 594 4469 totum
606 4409 726 4470 luminis
733 4408 783 4490 P.)
804 4407 855 4468 22.
870 4405 942 4469 olim
953 4406 1024 4488 (boc
1035 4405 1225 4490 temporel’.)
