3240 5328
625 472 691 538 243

122 652 261 730 liminis,
283 653 421 740 accipiet
442 671 558 717 eorum
579 661 720 724 octonae
742 649 859 716 simul?
904 650 995 717 Dixit
1011 648 1115 718 Iesus:
1139 671 1193 718 oo-

124 770 219 854 cipiet
241 789 306 831 eas.
353 765 388 830 Si
409 769 528 830 iterum
552 768 713 830 commisit
734 768 799 830 tria
820 780 962 853 peccata,
989 769 1123 853 accipiet
1143 793 1194 832 m·

123 891 227 948 λασεις
247 891 323 943 tres.
361 879 451 942 Dixit
472 877 640 954 lohannes,
663 877 775 954 homo,
799 881 855 964 qui
878 882 1040 943 commisit
1060 893 1196 966 peccata

126 995 234 1057 omnia
257 1006 290 1055 ct
312 1019 440 1076 ανομιως
463 1014 591 1067 omnes,
621 989 663 1056 ad
685 1005 890 1078 postremum
918 989 949 1057 ic
970 995 1092 1079 reperit
1113 1018 1194 1074 μυσ-

92 1123 206 1190 ῡπιρια
229 1104 376 1181 luminis,
398 1117 550 1194 potestne
574 1103 718 1169 servari?
762 1105 852 1169 Dixit
871 1103 975 1169 Iesus:
1004 1105 1055 1168 hic
1082 1105 1195 1170 huius-

124 1217 263 1294 cemodi,
295 1220 351 1304 qui
375 1220 536 1282 commisit
557 1231 691 1305 peecata
720 1221 830 1283 omnia
858 1230 891 1283 et
916 1243 1045 1300 ανομιας
1072 1241 1195 1296 omnes,

125 1334 151 1395 si
172 1334 338 1417 reperiens
360 1356 509 1414 μυστηρια.
532 1330 662 1396 luminis
686 1329 876 1410 fetentes,
899 1331 1077 1396 absolverit
1106 1330 1196 1397 haud

123 1445 284 1508 remiserit
314 1438 380 1507 ouis
408 1445 606 1529 peccaverit,
642 1455 851 1527 κληρονομησει
885 1441 1026 1528 interno
1055 1443 1195 1510 luminis.

124 1557 213 1620 Dixit
234 1555 323 1620 lesus
347 1557 413 1619 suis
435 1551 598 1638 μαθηταις,
625 1577 729 1640 quum
751 1563 874 1642 octauo
898 1576 1055 1619 conversa
1079 1559 1135 1631 sit,
1157 1569 1197 1620 ut
1287 1544 1292 1554 ⁸

73 1690 100 1730 io
124 1679 229 1755 Κρονος
253 1682 286 1734 ct
308 1678 384 1753 Αρης
405 1670 538 1732 veniant
566 1680 642 1753 post
669 1665 806 1753 παρθενον
834 1665 974 1744 luminis,
1006 1680 1040 1731 et
1060 1677 1135 1737 Ζευς
1164 1681 1197 1732 et

123 1781 274 1868 Αφροὸιτη
302 1784 436 1847 veniant
469 1783 504 1844 in
533 1793 745 1867 conspectum
775 1779 932 1866 παρθενου,
965 1792 1132 1845 versantes
1161 1783 1197 1844 in

125 1899 260 1961 suismet
281 1899 430 1983 ipsorum
446 1921 547 1971 αιωσι,
570 1894 721 1958 revelatis
745 1909 1023 1980 καταπεταῶμοισιν
1044 1895 1196 1978 raptans,

126 2014 187 2074 erit
208 2009 319 2073 hilaris
342 2010 423 2073 hora
445 2008 510 2085 illa,
532 2007 646 2073 videns
670 2008 728 2071 has
752 2007 861 2072 stellas
883 2007 964 2072 duas
986 2006 1117 2079 luminis
1142 2027 1195 2071 co-

124 2146 196 2212 ram
219 2144 267 2198 se,
298 2135 331 2185 et
351 2119 463 2208 ψυχωι
487 2143 616 2196 omnes,
644 2143 725 2207 quas
747 2123 867 2184 iniiciet
892 2123 927 2184 in
955 2133 1066 2187 κυκλον
1086 2145 1196 2186 caucos

74 2257 100 2296 n
127 2244 263 2323 σφιιρως
285 2234 340 2298 illa
363 2234 459 2312 hora,
481 2249 520 2298 ut
543 2248 660 2300 exeant
674 2238 708 2298 in
723 2261 844 2316 κοσμον,
868 2249 963 2300 erunt
979 2232 1092 2310 itacios,
1110 2259 1195 2318 osya-
1233 2233 1305 2306 391

126 2348 176 2424 θοι,
207 2363 239 2414 et
260 2351 423 2435 reperient
443 2374 593 2432 μυστηρια.
616 2348 747 2413 luminis
770 2349 831 2412 hac
853 2351 933 2422 vice,
962 2347 1065 2412 donec
1087 2350 1198 2412 mittat

125 2483 178 2526 eas
207 2461 310 2526 altera
331 2465 418 2537 vice,
449 2475 488 2525 ut
515 2465 680 2550 reperiant
709 2488 860 2550 μυστηριαι
882 2462 1022 2525 luminis.
1068 2459 1199 2542 Quodsi

123 2586 199 2661 Αρης
221 2589 254 2640 et
275 2586 381 2658 Κρονος
404 2579 552 2640 venerint
577 2579 612 2640 in
635 2589 845 2664 conspectum
874 2572 1015 2659 oecpisvoo
1037 2575 1196 2638 versanti-

124 2687 186 2751 bus
209 2696 257 2752 Au
280 2699 313 2750 et
335 2688 485 2776 Αφροὸιτῃ
513 2700 590 2773 post
620 2711 706 2766 eam,
736 2703 775 2754 ut
804 2711 871 2754 non
899 2691 1100 2774 conspiceret
1130 2708 1196 2762 eos,

72 2823 99 2864 ao
125 2798 238 2888 tinxere
267 2820 397 2875 omnes,
437 2821 517 2884 quas
545 2802 664 2863 iniiciet
691 2803 725 2862 in
754 2815 918 2864 creaturas
949 2812 1087 2886 σφαιρας
1114 2800 1198 2864 hora

124 2915 193 2989 ilia,
218 2925 314 2976 erunt
337 2939 455 2995 compar
479 2925 512 2976 ct
533 2912 708 2976 iracundae
734 2925 766 2976 et
787 2912 877 2976 haud
896 2915 1093 2999 reperientes
1115 2939 1196 2995 μυσ-

124 3055 208 3112 τηρωι
230 3026 372 3090 luminis.
413 3026 501 3090 Haec
523 3028 621 3112 igitur
644 3048 747 3111 quum
761 3025 850 3090 Iesus
873 3025 1002 3089 locutus
1026 3037 1111 3089 esset
1131 3027 1196 3088 suis

123 3141 275 3225 μαθηταις
297 3142 331 3203 in
353 3140 461 3204 medio
486 3160 573 3216 orco,
598 3139 834 3214 exclamarunt,
863 3138 1024 3203 fleverunt
1045 3137 1197 3220 μαθηταιι

124 3277 202 3332 vae,
239 3276 301 3320 vae
330 3253 517 3318 hominibus
547 3252 789 3340 peccatoribus,
825 3275 922 3340 super
952 3274 1035 3337 quos
1065 3251 1199 3314 incubat

73 3390 99 3430 ss
126 3381 260 3453 αμελεια,
278 3381 311 3433 et
334 3367 454 3433 oblivio
478 3393 638 3451 αρχοντων,
661 3366 860 3452 usquedum
877 3368 1045 3430 exierintc
1067 3389 1198 3448 σωματι,

125 3496 163 3546 ut
185 3485 344 3570 accipiant
365 3481 424 3546 has
447 3495 596 3551 κολασεις.
641 3481 792 3545 Miserere
815 3483 933 3556 nostri,
962 3481 1115 3543 miserere
1138 3501 1198 3542 no·

127 3599 200 3672 stri,
230 3595 277 3660 fili
300 3597 410 3671 saneti,
435 3598 586 3660 miserere
608 3597 728 3671 nostri,
759 3608 797 3658 ut
821 3616 988 3660 servemur
1012 3594 1052 3659 ab
1075 3593 1125 3657 his
1148 3621 1198 3660 κο·

125 3722 250 3776 tossen
274 3721 306 3774 et
327 3710 377 3774 his
399 3736 508 3795 κρισεσι
525 3712 647 3796 paratis
663 3709 898 3797 peccatoribus,
922 3709 1067 3793 alioquin
1090 3720 1123 3772 et
1137 3728 1198 3770 nos

128 3824 349 3886 commisimus
372 3837 514 3910 peccata,
537 3822 668 3887 domine
691 3836 804 3887 noster
825 3835 859 3884 et
880 3834 1032 3884 nostrum
1053 3818 1120 3882 lux.
1142 3846 1163 3882 s

124 3960 1196 4007 *444*444†44

210 4119 238 4177 1.
262 4119 387 4198 accipiet
409 4117 484 4196 (add.
508 4115 664 4196 „utique”
686 4115 732 4190 P.)
