3254 5340
929 457 994 530 156

346 675 352 685 ·
419 666 557 735 magnos
581 663 695 712 ornnes
718 666 870 728 separent,
892 641 1009 708 ethos
1033 659 1147 708 omnes
1170 641 1226 727 qui
1246 638 1433 728 (pertinent)
1456 635 1501 704 ad

420 760 650 828 rasoriorum
674 761 730 845 qui
752 757 938 846 (pertinent)
962 754 1005 820 ad
1026 781 1134 840 perer,
1163 767 1195 818 et
1216 753 1278 818 hos
1301 756 1358 840 qui
1387 755 1500 840 (perti-

422 874 513 958 nent)
530 872 573 938 ad
595 899 681 938 τοτον
705 893 837 938 omnem
857 871 978 935 horum
1001 871 1056 956 qui
1073 867 1261 956 (pertinent)
1282 866 1325 932 ad
1340 865 1499 944 dextram,

423 1001 457 1054 et
487 1009 623 1073 magnos
654 1007 766 1050 omnes
804 985 960 1066 apeliotes
993 983 1113 1047 horum
1148 984 1205 1068 qui
1235 981 1422 1068 (pertinent)
1458 979 1501 1045 ad

385 1095 386 1098 ¹
423 1100 582 1175 dextram,
605 1113 643 1163 ut
657 1103 722 1164 sint
738 1103 823 1162 intra
837 1098 898 1162 hos
915 1119 1037 1172 omnes,
1059 1109 1098 1160 ut
1110 1109 1349 1174 κληρονομησωσι
1361 1115 1499 1180 regnum
1533 1117 1544 1154 t

422 1213 562 1279 luminis.
600 1213 677 1276 Hoc.
696 1233 780 1298 opus
804 1239 861 1287 eon,
884 1213 930 1274 mi
946 1210 1086 1286 domine,
1108 1208 1286 1274 molestum
1306 1229 1419 1273 coram
1438 1230 1499 1272 me.

422 1327 510 1392 Haeo
533 1328 632 1412 igitur
656 1347 758 1410 quum
789 1323 923 1389 dixisset
943 1323 1107 1399 Andreas,
1141 1349 1262 1402 πνιυμα
1281 1346 1406 1406 σωτηρος
1430 1343 1499 1385 mo·

422 1452 496 1502 tum
519 1451 569 1502 est
590 1441 625 1500 in
647 1459 697 1514 eo,
721 1437 905 1502 exclamans
925 1437 1014 1514 dixit,
1038 1436 1090 1509 ine
1105 1458 1277 1523 quousque
1301 1435 1407 1501 feram
1429 1455 1498 1509 vos,

365 1535 368 1542 ¹
422 1551 475 1620 int
502 1573 675 1638 quousque
705 1549 798 1638 ινεξω
825 1573 900 1628 vos,
931 1578 987 1617 ειτι
1008 1577 1108 1630 eaput
1132 1571 1264 1635 quoque
1294 1548 1384 1613 haud
1415 1573 1501 1613 roem

424 1679 457 1733 et
480 1669 556 1731 estis
579 1665 786 1752 ignorantes?
810 1688 891 1729 num
913 1667 1130 1740 nascituros,
1154 1677 1187 1728 et
1207 1661 1296 1727 haud
1320 1689 1415 1737 tertre,
1438 1683 1499 1725 vos
1523 1684 1544 1725 u

349 1793 377 1844 >t
424 1801 494 1846 esse
518 1795 672 1862 αγγελους
694 1801 823 1856 omnes,
854 1793 886 1844 et
908 1792 1128 1864 αρχαγγελους
1157 1798 1271 1842 omnes
1298 1789 1333 1841 et
1360 1775 1440 1840 deos
1468 1787 1502 1839 et

425 1891 576 1958 dominos
606 1905 639 1958 et
666 1918 818 1975 αρχονῃις
845 1915 959 1958 omnes
987 1905 1020 1956 et
1050 1913 1184 1978 magnos
1214 1911 1327 1955 omnes
1358 1911 1503 1970 saperent

309 2000 385 2072 218
425 2020 458 2072 et
486 2010 683 2091 pertinentes
713 2006 755 2070 ad
786 2033 876 2086 μεσον
907 2028 1019 2070 omnes
1051 2019 1085 2070 et
1113 2008 1311 2093 pertinentes
1334 2003 1385 2068 ad
1415 2028 1502 2068 rerer

427 2142 558 2185 omnem
588 2119 707 2183 horum
732 2123 787 2204 qui
816 2119 1001 2207 (pertinent)
1032 2118 1073 2183 ad
1105 2117 1268 2192 dextram,
1301 2131 1334 2182 et
1362 2137 1502 2203 magnos

425 2254 539 2298 omnes
562 2231 718 2310 πριβιλως
740 2232 884 2308 luminis,
914 2253 1073 2318 suamque
1102 2230 1238 2319 gloriam
1261 2253 1409 2306 omnem,
1439 2251 1501 2294 vos
1525 2251 1545 2293 u

425 2367 444 2410 e
466 2345 560 2410 vobis
585 2343 736 2409 omnibus
759 2358 793 2409 et
814 2349 849 2408 in
871 2345 1034 2410 vobismet
1060 2349 1199 2410 invicem
1228 2367 1269 2410 ex
1295 2365 1404 2408 massa
1435 2365 1504 2408 una

426 2473 459 2524 et
479 2465 539 2548 tit)
563 2481 629 2522 una
651 2471 684 2522 et
707 2485 794 2546 turae)
817 2482 897 2534 una,
930 2473 963 2524 et
984 2481 1045 2524 vos
1069 2481 1088 2524 e
1113 2485 1257 2546 κερασμῳ
1280 2480 1346 2523 uno
1376 2479 1503 2534 omnes,

425 2587 458 2638 et
480 2595 538 2656 per
561 2587 694 2637 κελευσιν
723 2575 819 2659 primi
841 2599 1003 2656 penetentia
1023 2573 1248 2657 αναγκασθηνωι
1266 2598 1425 2656 asperum,
1451 2569 1504 2644 ἕως

424 2685 630 2770 usquedum
653 2689 823 2772 purgarint
846 2709 982 2774 magnae
1006 2709 1118 2752 omnes
1141 2687 1290 2769 προβολαι
1313 2686 1446 2750 luminis
1471 2698 1504 2750 et

425 2799 528 2886 gloria
552 2821 666 2864 eorum
690 2804 805 2877 omnis,
829 2814 863 2866 et
884 2822 990 2886 usque
1005 2799 1084 2864 dum
1100 2803 1271 2887 purgarint
1284 2826 1445 2881 aspernor,
1469 2813 1502 2863 et
1523 2821 1545 2862 n

425 2927 609 3002 purgarunt
631 2936 687 2978 eos
710 2914 799 2978 haud
821 2937 880 3002 per
903 2917 1124 3000 semetipsas,
1148 2929 1238 2980 atta
1255 2927 1440 3001 purgarunt
1462 2935 1502 2977 ex

425 3055 543 3117 esaya)
565 3031 635 3093 κατ’
648 3055 811 3104 otteramno
825 3031 922 3091 unius
946 3026 1157 3114 eiusdemque
1178 3027 1369 3104 lneffabilis‚
1393 3041 1428 3092 et
1448 3029 1502 3090 isti

424 3140 512 3206 haud
537 3155 750 3229 susceperunt
773 3141 902 3206 dolores
926 3144 1075 3218 omnino,
1105 3155 1139 3207 et
1160 3141 1249 3206 haud
1271 3141 1444 3223 μετεβιλον
1465 3161 1501 3204 se

423 3256 459 3318 in
486 3281 598 3330 tornet,
631 3256 838 3322 ουὸἐσκυλαν
866 3277 901 3320 se
925 3259 1074 3332 omnim,
1106 3253 1172 3321 rude
1198 3281 1387 3341 μετηγγισιν
1411 3277 1445 3319 se
1467 3257 1502 3317 in

425 3371 684 3445 conservaris,
709 3369 775 3434 onie
797 3369 932 3434 luerunt
952 3372 986 3432 in
1009 3369 1110 3434 ullam
1134 3367 1253 3452 θλιψεις
1275 3383 1421 3455 netem
1442 3371 1500 3454 igi-
1523 3391 1546 3431 n

424 3491 480 3542 tut·
502 3501 562 3544 vos
591 3486 667 3545 estis
696 3482 771 3546 faex
801 3483 954 3564 θησαυρου,
986 3497 1020 3548 et
1049 3486 1124 3548 estis
1155 3481 1231 3548 faex
1259 3509 1349 3550 τοτου
1380 3482 1503 3547 horum

426 3594 482 3677 qui
506 3593 691 3677 (pertinent)
720 3595 762 3658 ad
786 3595 950 3672 dextram,
986 3611 1019 3662 et
1048 3601 1123 3662 estis
1155 3595 1230 3662 faex
1258 3623 1350 3663 torno
1380 3597 1503 3660 horum

426 3707 482 3790 qui
506 3707 691 3791 (pertinent)
715 3707 758 3772 ad
779 3736 885 3789 μεσον,
916 3723 949 3774 et
976 3715 1052 3776 estis
1085 3711 1161 3776 faex
1191 3737 1323 3794 asperus
1353 3715 1503 3776 omnium

426 3832 460 3884 et
482 3846 632 3902 αρχοντων
656 3825 816 3900 omnium,
844 3821 933 3914 aian}
954 3831 1061 3894 datus
1090 3829 1165 3891 estis
1188 3825 1264 3891 faex
1286 3826 1406 3890 horum
1431 3847 1502 3890 om·

424 3937 531 4014 nium3
562 3949 660 4021 atque
684 3936 790 4003 luistis
819 3940 854 4002 in
880 3943 1005 4026 magnis
1030 3938 1197 4004 doloribus
1227 3953 1260 4004 et
1287 3942 1411 4026 magnis
1437 3938 1502 4005 dtu·
1526 3961 1549 4002 tt

311 4045 387 4121 219
415 4047 516 4148 'droun
542 4053 577 4114 in
603 4077 843 4138 μετωγγισμοις,
871 4056 906 4117 in
932 4081 1054 4136 ruptore
1077 4056 1175 4118 variis
1203 4081 1331 4140 κοσμου,
1362 4065 1396 4118 et
1425 4066 1505 4140 post

508 4197 557 4255 10.
579 4193 631 4258 voe
653 4219 719 4260 esse
739 4203 806 4276 (vos
829 4209 860 4259 et
880 4199 929 4278 P.)
968 4199 1016 4260 16.
1039 4200 1176 4261 omnibus
1199 4213 1230 4262 et
1252 4199 1323 4280 (del.
1346 4199 1431 4276 „et”
1451 4200 1503 4275 P.)

426 4291 476 4353 16.
498 4315 533 4354 ex
554 4317 646 4358 masse
667 4299 713 4376 (in
735 4320 827 4361 massa
847 4300 894 4376 P.)
955 4301 1007 4360 21.
1035 4312 1066 4361 et
1091 4312 1257 4384 purgarunt
1278 4321 1330 4362 eos
1352 4285 1506 4380 (deleatur

426 4394 520 4472 „eos”
542 4395 592 4475 P.)
653 4397 704 4458 11.
727 4408 805 4460 atta
825 4412 992 4485 purgarunt
1012 4399 1090 4482 (add.
1113 4401 1208 4480 „eos”
1229 4401 1278 4482 P.)
