3296 5354
975 481 997 547 2

362 657 386 732 2
452 670 596 756 quinque
614 689 793 753 χαραγμως
815 675 848 729 et
869 682 1027 750 magnum
1047 659 1160 726 lumen
1183 671 1217 724 et
1239 661 1383 747 qsrinque
1405 685 1518 748 raper-

449 793 667 867 reseratque
691 783 789 844 etIam
812 775 953 862 θησαυρον
976 797 1108 840 omnem
1128 773 1220 840 lucis.
1362 839 1364 842 ,

539 894 648 981 Atque
676 915 791 959 rursus
819 889 910 956 haud
939 888 1066 954 dixerat
1086 888 1176 953 Iesus
1200 889 1266 953 suis
1288 884 1438 974 padusae<
1459 885 1518 951 dis·

449 1013 636 1099 persionem
670 1009 702 1095 (i.
725 1029 752 1071 e.
780 1002 1032 1087 emanationem)
1071 1025 1203 1067 omnem
1242 1028 1337 1067 τοπων
1378 1005 1519 1066 omnium

450 1125 560 1210 magni
590 1147 721 1208 asperus
751 1131 785 1183 et
812 1122 915 1183 trium
946 1115 1142 1204 τριὸυνωμεων
1175 1128 1209 1180 et
1237 1118 1352 1202 viginti
1383 1130 1551 1202 quatuors

452 1261 598 1322 asperas,
628 1253 809 1319 eorumque
831 1258 940 1308 τοπων,
976 1251 1157 1316 eorumque
1186 1256 1307 1307 atavus,
1344 1250 1520 1316 eorumque

451 1346 562 1438 τωξιων
599 1349 746 1412 omnium
783 1344 964 1410 secundum
997 1342 1151 1421 modum,
1196 1365 1262 1429 quo
1298 1341 1521 1430 dispergantur

453 1465 485 1552 (i.
502 1484 529 1527 e.
553 1460 716 1546 emanent)
738 1459 782 1536 hi,
806 1462 862 1546 qui
883 1458 984 1523 iidem
1005 1471 1081 1524 sunt
1096 1457 1246 1544 προβολωι
1261 1460 1371 1544 magni
1387 1480 1520 1544 asperata

453 1590 553 1663 atque
576 1578 675 1640 etiam
698 1576 752 1662 (se.
775 1595 842 1639 non
859 1571 950 1658 dixit)
974 1594 1090 1637 eorum
1113 1597 1283 1657 αγεννητους
1305 1584 1405 1657 atque
1428 1574 1522 1636 etiam

452 1713 568 1758 eorum
583 1715 747 1777 αυτογενεις
770 1701 869 1774 atque
892 1690 991 1752 etiam
1014 1708 1130 1751 eorum
1144 1709 1293 1771 γεννητους
1312 1698 1412 1772 atque
1430 1688 1522 1750 etiam
1536 1707 1556 1746 u

452 1827 568 1872 eorum
592 1813 752 1891 φωστηρας
778 1815 878 1888 atque
906 1804 1005 1867 etiam
1034 1821 1150 1876 eorum
1176 1799 1441 1886 χωρισσυνζυγους
1477 1811 1522 1863 at-

453 1941 517 2006 que
540 1921 639 1984 etiam
667 1938 784 1983 eorum
811 1941 961 2002 αρχοντεις
989 1927 1089 2001 atque
1119 1935 1236 1980 eorum
1263 1909 1399 2003 εξουσιως
1429 1927 1523 2000 atque

451 2055 568 2100 eorum
590 2032 740 2098 domium
766 2041 866 2116 atque
889 2051 1004 2104 eorum
1032 2035 1263 2115 epxayyuwr'
1282 2041 1382 2115 atque
1409 2049 1524 2095 eorum

450 2160 605 2232 αγγελους
631 2159 730 2232 atque
758 2165 875 2208 eorum
902 2140 1040 2213 ὃικανους
1066 2157 1166 2230 atque
1195 2163 1311 2208 eorum
1337 2155 1523 2229 λειτουργους

451 2273 551 2345 atque
581 2284 675 2330 aenove
703 2279 815 2322 omnes
847 2277 963 2321 eorum
993 2264 1128 2342 σφαιρων
1159 2269 1257 2343 atque
1284 2253 1384 2346 τιξεις
1411 2279 1522 2322 omnes
1538 2280 1557 2319 u

450 2376 548 2438 unius
571 2375 727 2458 cuiusque
751 2391 881 2448 eorum3
904 2392 1013 2456 neque
1035 2370 1163 2436 dixerat
1182 2369 1272 2436 Iesus
1296 2373 1362 2436 suis
1376 2369 1524 2457 paterer

452 2485 688 2574 dispersionem
708 2483 988 2573 (emanationem)
1026 2500 1170 2551 omnem
1191 2485 1345 2571 προβολων
1378 2483 1522 2571 &reapse

449 2621 557 2687 neque
580 2597 671 2682 (aude)
694 2621 810 2665 eorum
831 2595 938 2688 ταξεις,
966 2597 1134 2685 quomodo
1158 2599 1394 2687 dispergantur,
1417 2621 1523 2686 neque

449 2713 542 2795 (suda)
567 2712 693 2779 dixerat
713 2717 752 2778 iis
774 2713 907 2778 illorum
929 2739 1061 2800 rumpet
1084 2713 1263 2778 secundum
1292 2711 1398 2801 (aare)
1427 2711 1524 2803 ταξεις

449 2830 733 2915 uniuscuiusque,
757 2827 937 2893 secundmn
952 2827 1104 2904 modum,
1129 2851 1194 2915 quo
1213 2832 1290 2906 sint,
1305 2849 1412 2914 neque
1429 2826 1522 2909 (suia)
1538 2850 1560 2890 a

449 2939 577 3008 dixerat
597 2945 650 3020 iis,
675 2945 826 3030 quisnam
849 2937 962 3030 φυλαὶ
984 2944 1026 3006 sit
1047 2945 1139 3007 iuxta
1160 2962 1263 3008 unam
1286 2965 1454 3029 quamque
1477 2939 1523 3016 iu·

448 3082 561 3144 catapan
583 3057 679 3134 lucis,
708 3079 815 3143 neque
838 3053 931 3137 (auda)
955 3055 1082 3121 dixerat
1106 3059 1145 3122 iis
1167 3083 1253 3122 τοπον
1277 3082 1401 3142 σωτῆρος
1422 3059 1523 3143 gemi-

446 3191 582 3248 norum,
607 3174 664 3258 qui
686 3185 737 3235 est
757 3194 841 3259 puer
861 3172 972 3257 pueri,
995 3193 1102 3256 neque
1118 3168 1210 3253 (aude)
1227 3169 1354 3235 dixerat
1374 3172 1413 3234 iis
1438 3197 1523 3236 τοπον

447 3286 550 3349 trium
572 3311 662 3368 αμην,
691 3305 757 3370 quo
780 3287 815 3347 in
836 3310 917 3371 τοπῳ
935 3283 1171 3373 dispergantur,
1192 3306 1300 3370 neque
1323 3283 1453 3348 dixerat
1475 3287 1521 3361 iis,

446 3398 482 3462 iu
504 3419 650 3484 quonam
670 3397 744 3461 loco
768 3400 875 3484 (τοπῳ)
899 3412 1052 3463 emanent
1073 3399 1148 3485 (cup
1171 3405 1268 3476 sinit,
1299 3400 1422 3486 spargi,
1456 3398 1521 3463 dis·
1536 3421 1558 3462 ss

445 3618 627 3697 circumdare
648 3642 672 3682 s.
695 3620 857 3702 explorare.
879 3623 929 3701 P.)
972 3623 1001 3683 1.
1023 3635 1054 3686 et
1068 3646 1208 3710 magnum
1230 3628 1331 3706 (atque
1348 3625 1437 3686 etiam
1458 3647 1520 3687 ma-

445 3739 548 3802 gnum.
571 3719 620 3794 P.)
683 3721 713 3782 1.
743 3733 774 3782 et
800 3723 933 3804 quinque
960 3725 1061 3807 (atque
1089 3727 1177 3787 etiam
1203 3725 1344 3806 quinque.
1373 3725 1423 3802 P.)
1488 3724 1519 3785 5.

445 3843 583 3906 tropatus:
618 3819 757 3884 Alterum
786 3844 808 3883 n
835 3823 865 3884 in
893 3836 978 3885 textu
1003 3827 1123 3887 videtur
1150 3827 1395 3908 expungendum,
1429 3837 1519 3906 atque

443 3919 514 3982 ltine
539 3924 731 3984 vertendum:
758 3947 888 4009 resparsa.
917 3925 954 3986 cf.
977 3925 998 3985 l.
1016 3925 1043 3986 8.
1068 3926 1119 4002 P.)
1183 3925 1213 3985 6.
1234 3949 1326 3984 sanun
1352 3925 1430 4003 (add.
1452 3947 1519 3986 om-

443 4021 536 4084 nium.
563 4022 612 4101 P.)
676 4022 726 4085 15.
754 4035 843 4105 atque
865 4022 963 4108 ταξεις
989 4026 1067 4105 (add.
1095 4025 1193 4086 etiam.
1222 4026 1270 4104 P.)
1333 4026 1384 4087 18.
1414 4046 1517 4086 eorum

442 4121 566 4199 (earum.
580 4124 628 4199 P.)
671 4125 721 4185 19.
742 4124 864 4186 iliorum
879 4125 1019 4205 (illarum.
1034 4127 1082 4201 P.)
1120 4125 1171 4185 23.
1194 4127 1246 4208 qui
1268 4137 1314 4188 est
1335 4125 1412 4205 (add.
1427 4125 1516 4186 idern.

442 4219 522 4280 inira
543 4243 572 4303 p.
588 4222 638 4283 13.
661 4223 681 4283 Ι.
697 4220 747 4284 17.
770 4236 801 4286 et
816 4224 892 4286 Cod.
906 4247 936 4306 p.
953 4247 1004 4288 cn.
1016 4249 1050 4288 a.
1072 4236 1102 4288 et
1123 4246 1201 4305 pao.
1217 4249 1250 4289 a.
1272 4248 1327 4308 pro
1349 4227 1429 4308 „qui
1445 4225 1516 4289 est''

443 4317 557 4401 legitur
577 4323 658 4401 „qui
681 4324 774 4383 sunt”
796 4325 847 4402 P.)
