3240 5328
836 467 998 539 -wt

428 666 506 720 sunt
525 651 625 741 ligata
647 654 682 716 in
705 677 860 741 svrqsqup
878 677 1060 734 πνευμιτος,
1089 665 1129 717 ut
1150 653 1287 719 desistat
1308 654 1443 720 attribui
1467 659 1507 733 ei.

429 791 532 854 quum
556 795 602 832 om
623 766 712 831 haud
734 769 891 854 repererit
917 766 1021 844 istud,
1050 793 1207 852 ιντιμιμοι·
1226 795 1394 850 πνευματος
1417 769 1508 834 dueit

427 882 538 966 *luxti
561 877 604 946 ad
628 883 762 964 sapim
783 881 914 946 luminis
937 907 1046 958 aparte,
1075 895 1109 947 et
1130 911 1226 959 κριτηι
1244 885 1381 952 vastam
1408 884 1505 948 lumi·

314 991 390 1064 296
427 1001 478 1062 nis
502 998 655 1080 δοκιμωζιι
675 995 795 1077 «tomo,
823 1009 861 1059 ut
886 998 1030 1060 inveniat
1052 1017 1124 1060 eam
1149 1001 1405 1062 committentem
1430 1019 1504 1084 peo-

429 1125 516 1186 θεῖα,
543 1123 641 1196 atque
666 1108 753 1173 haud
775 1113 896 1196 reperit
919 1113 1017 1174 etiam
1040 1139 1190 1194 pompas
1212 1112 1503 1188 luminosarum,
1539 1141 1550 1178 s

428 1239 462 1289 et
484 1224 584 1287 tradit
607 1247 679 1287 eam
703 1226 759 1286 uni
784 1245 919 1286 suorum
947 1239 1186 1302 παρωληιιπτων,
1217 1239 1316 1310 atque
1344 1228 1413 1288 eius
1444 1253 1504 1288 w

426 1353 604 1424 pstqoms
628 1336 749 1401 ducens
773 1359 846 1402 eam
872 1340 973 1402 iniioit
995 1361 1067 1402 eam
1089 1341 1123 1402 in
1145 1367 1248 1418 σωμα,
1272 1353 1305 1403 et
1327 1338 1416 1403 haud
1440 1343 1505 1402 exit

428 1471 447 1517 e
468 1452 662 1535 μιταβολακ
680 1477 835 1533 ruperit,
864 1466 1040 1538 antequam
1069 1453 1251 1546 erbibuerit
1276 1453 1429 1516 ultimum
1452 1479 1504 1518 ιυ-

426 1579 509 1642 anor,
528 1603 564 1616 -
592 1563 632 1629 de
655 1566 717 1629 hoo
742 1566 842 1630 verbo
867 1595 924 1642 ουν,
947 1571 991 1630 mi
1008 1566 1148 1642 domine,
1172 1567 1278 1632 dixisti
1298 1565 1393 1631 nobis
1410 1567 1503 1631 olim:

428 1693 499 1746 esto
522 1681 748 1745 reconciliatus
772 1703 846 1744 cum
870 1693 927 1744 tuo
952 1681 1149 1755 adversario,
1176 1683 1228 1766 αφ’
1243 1687 1308 1746 iens
1332 1703 1366 1745 es
1389 1684 1424 1744 in
1449 1685 1504 1745 via
1528 1709 1549 1752 η

429 1817 502 1858 eum
527 1818 576 1870 eo,
600 1823 704 1876 μηπως
728 1809 804 1859 tuus
829 1794 1034 1860 adversarius
1058 1795 1168 1859 tradat
1189 1809 1222 1860 te
1238 1823 1332 1886 κοιτῃ,
1356 1809 1389 1860 et
1409 1825 1505 1874 κριτικ

426 1905 537 1974 tradat
552 1933 585 1974 se
607 1915 741 2001 druosrp,
765 1924 798 1974 et
819 1913 958 1990 iimperat
981 1911 1137 1973 immittat
1159 1923 1191 1973 te
1214 1913 1247 1973 in
1271 1933 1449 1986 carcerem,
1473 1925 1505 1976 et

427 2023 517 2086 haud
542 2047 636 2088 exeas
659 2024 743 2099 inde,
766 2045 870 2110 usque
894 2024 974 2087 dum
998 2023 1124 2088 dederis
1148 2025 1299 2088 ultimum
1323 2040 1441 2101 aanor,
1462 2062 1500 2074 -

429 2130 468 2200 de
494 2138 555 2201 boo
578 2153 628 2203 est
649 2138 787 2201 verbum
811 2153 959 2221 pelopen:
984 2137 1079 2224 ψυχη
1104 2141 1247 2225 quaevis,
1270 2142 1380 2203 exiens
1403 2161 1422 2204 e
1445 2165 1503 2205 ro·-

425 2275 517 2334 ματι,
541 2251 662 2313 meabit
684 2253 717 2313 in
739 2255 854 2316 itinere
870 2273 944 2315 tum
968 2279 1119 2338 αντιαιμῳ
1138 2279 1318 2333 vomicam,
1342 2267 1376 2318 et
1398 2277 1503 2339 quum
1527 2283 1546 2324 o
1613 2267 1614 2344 ]

426 2359 515 2428 haud
544 2367 701 2451 repererit
724 2393 880 2440 μυστηρων
904 2367 1075 2431 solutionis
1101 2367 1276 2453 σφραγιδων
1299 2370 1449 2431 omnium
1473 2381 1504 2432 et

426 2479 633 2543 vinculorum
659 2483 814 2555 onmium,
838 2494 876 2544 ut
893 2481 1040 2546 solvatur
1056 2481 1098 2546 ab
1115 2509 1265 2568 αντιαιμῳ
1281 2509 1450 2558 πνευματος
1467 2483 1504 2546 li·

428 2607 502 2678 gato
520 2597 605 2656 intus
629 2597 662 2655 in
686 2617 735 2668 se,
758 2597 871 2678 utique
894 2594 989 2680 ψυχη
1012 2596 1067 2659 illa
1090 2593 1178 2660 hautl
1202 2599 1324 2684 accepit
1345 2623 1504 2678 μυῐτημιω

426 2705 573 2782 luminis,
610 2710 730 2794 quippe
755 2730 837 2794 quae
861 2709 950 2772 haud
973 2714 1130 2797 repererit
1151 2737 1307 2794 ,uorrspm
1331 2711 1503 2776 solutionis

427 2845 588 2903 αντιμιαου
604 2847 768 2886 noevum:
792 2823 882 2910 ligati
904 2828 991 2889 intus
1014 2829 1048 2888 in
1071 2847 1119 2890 se:
1144 2849 1246 2912 quum
1269 2853 1316 2890 sos
1337 2826 1427 2890 haud
1452 2849 1503 2890 re·
1527 2853 1547 2894 a

425 2939 548 3023 pererit
575 2935 678 3010 istud,
708 2964 864 3019 αντιμιμιν
891 2965 1061 3018 πνευματος
1089 2938 1179 3003 ducit
1204 2937 1314 3027 *luxti
1339 2940 1431 3004 illam
1461 2941 1504 3006 nd

425 3051 562 3132 ταρθενον
585 3051 730 3128 luminiS,
760 3065 793 3116 et
820 3052 956 3134 παρθενος
977 3052 1108 3117 luminis
1137 3068 1170 3118 et
1197 3081 1290 3138 κριτης
1317 3055 1371 3118 illa
1401 3057 1505 3121 tradit

310 3155 385 3232 297
423 3160 534 3252 ψιχην
556 3165 645 3229 illam
669 3169 722 3230 uni
747 3189 882 3231 suorum
912 3183 1151 3250 ταραλκμπτων,
1182 3183 1216 3232 et
1237 3171 1305 3233 eius
1332 3188 1504 3252 παριλημ·
1613 3221 1614 3224 ¹

424 3303 497 3351 πτης
519 3282 665 3344 immittit
688 3303 759 3346 eam
782 3283 816 3344 in
845 3293 979 3366 σφωιραν
1001 3311 1116 3360 αιωνοε,
1140 3297 1173 3347 et
1195 3283 1283 3348 haud
1307 3287 1373 3348 exit
1403 3305 1423 3348 e
1446 3312 1504 3364 με·

422 3395 575 3464 reditas<
594 3421 747 3472 σωιιατος,
772 3410 948 3483 antequam
965 3395 1090 3462 dederit
1104 3399 1255 3462 ultimum
1272 3414 1392 3474 nuato,
1416 3419 1503 3485 quae
1529 3427 1550 3468 s

424 3509 566 3592 pertinet
590 3507 631 3570 ad
654 3531 736 3572 eam.
782 3509 853 3573 Hos
877 3537 933 3588 ooo,
962 3515 1007 3574 mi
1032 3511 1176 3588 domine,
1203 3527 1254 3577 est
1276 3526 1434 3599 quartum
1456 3541 1503 3579 n·

417 3645 501 3697 epo.
545 3617 681 3681 Factum
705 3623 804 3705 igitur
826 3636 884 3698 est,
909 3647 1011 3711 quum
1027 3625 1115 3690 lesus
1132 3626 1276 3692 audisset
1293 3629 1373 3692 liaeo
1388 3627 1503 3707 verba,
1613 3691 1614 3696 ,

424 3753 509 3819 quae
525 3731 634 3796 locuta
651 3747 701 3797 est
715 3734 825 3810 Maria,
850 3737 931 3801 dixit
951 3767 1034 3823 ευγε,
1057 3769 1257 3821 novisanam
1278 3743 1390 3820 Maria,
1414 3771 1503 3810 πνευ-
1613 3741 1614 3762 ’

422 3874 554 3933 parsum,
582 3849 643 3914 hae
667 3863 744 3914 sunt
770 3851 947 3919 solutiones
970 3855 1162 3931 verborum,
1193 3879 1276 3943 quae
1300 3857 1375 3924 dixi.
1422 3859 1504 3924 Per·-
1613 3925 1614 3950 p

425 3985 502 4050 gens
525 3963 627 4030 illaria
652 3963 746 4030 dixits
773 3971 818 4030 mi
842 3968 982 4045 domine,
1005 3997 1045 4037 m
1067 3974 1233 4059 interrogo
1257 3985 1299 4049 te,
1321 3987 1506 4062 propterea
1532 3999 1556 4040 a

506 4123 533 4180 8.
556 4149 686 4186 σωματος
708 4129 776 4202 (‚,et
798 4129 935 4187 σωματι.”
969 4130 1026 4189 Sed
1049 4129 1208 4210 legendum
1231 4131 1356 4192 sortasse
1370 4134 1398 4190 1⁴·
1413 4155 1505 4194 nem·

422 4239 473 4278 ste
496 4226 676 4294 ,‚o·wuoror”
700 4237 732 4285 ut
754 4227 827 4286 inira
848 4229 878 4302 i,
902 4227 919 4287 l.
935 4227 964 4286 5.
987 4251 1042 4310 pro
1064 4235 1115 4290 sifi
1134 4251 1254 4291 uetusto
1277 4233 1322 4308 P.)
1366 4235 1416 4295 12.
1439 4245 1505 4295 tra-

423 4319 472 4378 dat
493 4339 524 4380 se
546 4326 655 4399 <tradat
675 4339 707 4385 te
729 4329 775 4400 P.)
797 4363 837 4376 —
860 4339 890 4388 et
911 4327 1047 4416 donperre
1068 4337 1148 4409 (‚‚ut
1169 4331 1331 4418 ὑπηριτης”
1352 4335 1410 4410 Ρ.)
1449 4337 1504 4396 19.

421 4441 570 4504 pompina
584 4427 736 4510 (μυπηρια
750 4427 798 4505 P.)
831 4426 881 4488 24.
895 4453 993 4496 atavos
1006 4435 1125 4512 (αιωνων
1137 4433 1186 4515 Ρ.)
1221 4431 1272 4496 25.
1286 4455 1361 4516 quae
1372 4437 1440 4518 (qui
1450 4436 1505 4517 P.)
