3296 5354
688 448 731 516 67

171 651 255 718 quae
279 632 314 694 in
337 649 392 705 ea,
422 640 456 692 et
478 625 572 692 dixit:
597 626 745 695 auferam
764 626 876 694 lumen
896 645 1020 702 armeus
1037 637 1162 719 redeat,
1185 631 1248 700 hor

169 743 262 832 quod
284 742 436 807 auferent
459 739 501 804 ab
525 741 590 806 ea.'’
635 741 728 806 Nunc
755 744 869 829 igitur,
905 746 998 809 cuius
1027 748 1076 810 vis
1105 745 1249 813 exaltata

170 872 234 934 est,
255 855 474 944 progreditur,
497 868 536 918 ut
557 853 707 941 proferat
728 855 935 922 undecimam
949 883 1107 941 μπινοιων
1125 885 1250 934 curarat

170 980 292 1058 σοφιας.
331 970 426 1034 Tunc
451 967 537 1055 (τοτε)
559 990 733 1055 progressa
748 969 895 1047 Salome,
920 971 1014 1037 dixit:
1037 975 1083 1036 mi
1107 973 1247 1054 domine,

137 1085 213 1150 ade
241 1085 304 1148 hoc
332 1097 391 1147 tua
419 1083 470 1146 vis
498 1081 629 1146 luminis
659 1091 860 1168 επροφητωσε
889 1084 968 1150 olim
999 1108 1060 1173 per
1086 1086 1248 1153 Davidem

171 1198 280 1264 dicens
303 1200 338 1262 in
361 1198 630 1282 quiuquagesim0
653 1217 721 1260 uno
744 1196 889 1263 Psalmo:
918 1197 1012 1274 „Cur
1034 1197 1156 1272 doverae
1179 1201 1248 1288 glo·

169 1315 276 1378 riatur
305 1309 345 1374 ds
373 1331 433 1374 sua
462 1308 578 1396 nacte?
623 1308 699 1373 Tua
727 1309 838 1396 lingua
867 1324 1029 1396 εμελιτησι
1056 1316 1249 1380 iniustitiam
1290 1304 1362 1378 103

173 1425 260 1490 diem
282 1437 390 1489 totum
413 1425 497 1487 sicut
522 1423 685 1487 novacula
706 1422 872 1489 tondentis
896 1439 1001 1490 acuta.
1046 1425 1165 1492 Fecisti
1189 1428 1247 1494 do-

171 1539 251 1614 lum,
275 1537 411 1602 dilexisti
434 1563 544 1603 aomar
562 1539 665 1623 magis
690 1559 792 1622 quam
815 1537 937 1623 aradae,
961 1538 1099 1604 dilexisti
1121 1544 1247 1608 iniusti·

117 1677 146 1718 ro
171 1655 252 1716 tiam
274 1652 377 1738 magis
401 1673 502 1736 quam
523 1651 616 1736 loqui
639 1649 829 1727 dicatarum,
853 1651 991 1716 dilexisti
1013 1652 1116 1718 verba
1138 1658 1249 1720 omnia

169 1767 396 1840 immersionis,
420 1778 454 1828 et
474 1763 621 1850 linguam
644 1764 802 1830 dolosam.
840 1764 979 1852 Propter
1000 1767 1063 1830 hoe
1087 1766 1167 1832 deus
1192 1767 1248 1834 ds-

171 1891 276 1944 struet
297 1892 331 1942 te
354 1879 502 1965 penitus,
532 1877 649 1943 evellet
670 1891 704 1942 te
728 1891 761 1944 et
783 1880 898 1966 eripiet
919 1892 952 1944 te
977 1902 1017 1944 ex
1038 1892 1097 1944 tuo
1120 1881 1247 1946 habita-

171 1993 245 2058 culo
269 2006 303 2058 et
325 1991 473 2057 extrahet
493 2002 591 2055 tuum
612 1991 770 2070 radicem,
803 2005 844 2057 ut
872 1996 1023 2079 proiiciat
1052 2016 1125 2059 eam
1151 1995 1249 2083 longe

172 2129 193 2170 a
214 2105 408 2170 viventibus.
454 2102 642 2192 διωψαλμω.
687 2114 804 2174 Arsam
831 2105 1006 2183 videbunt,
1033 2121 1073 2172 ut
1101 2111 1247 2186 timeant,

119 2245 147 2286 rs
175 2233 209 2284 et
230 2217 367 2283 illudent
390 2221 418 2284 ei
441 2217 598 2284 dicentes:
623 2241 677 2297 en,
700 2220 812 2297 homo,
845 2223 901 2306 qui
923 2243 991 2286 non
1012 2225 1126 2307 posuit
1148 2223 1248 2288 deum

172 2332 233 2399 sibi
255 2329 366 2412 βσηθιν,
394 2345 485 2400 om
508 2331 649 2398 conlisus
674 2347 723 2398 est
743 2337 778 2399 in
801 2337 868 2399 suis
892 2333 1010 2400 divitiis
1039 2338 1175 2422 magnis,
1199 2350 1247 2401 at-

171 2470 235 2535 que
257 2447 396 2512 invaluit
416 2450 452 2510 in
474 2469 534 2512 suo
558 2470 655 2513 vano.
699 2447 770 2535 Ego
795 2445 827 2515 de
850 2471 923 2512 sum
952 2451 1035 2513 sicut
1064 2449 1163 2514 arbor
1187 2451 1246 2516 oli·
1288 2444 1360 2516 104

169 2585 232 2628 vae
256 2559 336 2626 dans
359 2587 470 2646 saproc
492 2563 527 2625 in
550 2561 649 2626 domo
680 2560 740 2626 dei.
787 2561 894 2627 Credo
922 2562 1164 2628 misericordiae
1194 2563 1246 2628 dei

171 2675 214 2740 ad
236 2688 406 2740 aeternum
430 2677 629 2740 aeternitatis
654 2689 687 2740 et
709 2675 925 2740 manifestabo
950 2690 996 2753 te,
1029 2676 1120 2762 quod
1143 2675 1247 2742 fecisti

119 2814 147 2855 ar
172 2810 310 2866 mecum,
333 2797 376 2853 et‘
389 2790 537 2873 ύπομεινω
553 2802 647 2852 tuum
666 2811 797 2865 nomen,
822 2789 912 2874 quod
926 2814 1055 2875 χρηστσν
1071 2803 1121 2854 est
1136 2813 1247 2855 coram

172 2905 237 2966 tuis
265 2901 411 2967 sanctis.”
455 2901 546 2967 Haec
574 2904 687 2988 igitur,
715 2904 761 2965 mi
785 2900 931 2978 domine,
963 2915 1012 2966 est
1042 2902 1162 2966 solutio
1184 2927 1246 2968 un·

174 3014 317 3080 decimae
344 3041 503 3101 μιτανοωις
520 3039 644 3086 aeneos
666 3024 792 3102 σοφιως,
823 3037 924 3100 quam
951 3027 1010 3078 tua
1037 3015 1087 3078 vis
1115 3014 1247 3081 luminis

172 3143 324 3194 moverat
343 3153 406 3207 me,
430 3129 591 3196 dicentem
614 3151 688 3194 eam
710 3153 792 3194 nara
814 3140 908 3192 tuam
930 3127 1145 3193 voluntatem.
1185 3128 1247 3194 Fa-

174 3257 265 3308 ctum
286 3246 382 3331 igitur
405 3257 468 3320 est,
503 3265 608 3329 quum
629 3241 719 3307 lesus
743 3240 887 3306 audisset
913 3243 993 3306 haec
1014 3241 1130 3318 verba,
1162 3265 1248 3330 quae

120 3385 148 3426 rs
175 3357 257 3422 dixit
278 3357 424 3434 Salome,
448 3357 543 3422 dixit:
567 3382 637 3442 ευγε
659 3355 800 3432 Salome,
824 3381 914 3440 αμην,
938 3381 1019 3442 arear
1042 3355 1115 3422 dico
1137 3357 1246 3423 vobis:

172 3471 382 3538 absoluturus
406 3493 479 3536 sum
501 3492 562 3535 vos
585 3493 753 3557 μυστηρωις
775 3469 925 3535 omnibus
948 3473 1039 3557 regni
1061 3471 1202 3536 luminis.

259 3586 401 3675 Pergens
425 3583 458 3652 dr
486 3584 593 3649 adhue
619 3582 709 3649 lesus
736 3587 770 3648 in
798 3607 948 3651 sermone
977 3584 1057 3649 dixit
1087 3589 1153 3651 suis
1181 3611 1247 3673 μι-

170 3699 282 3777 duram
318 3700 456 3765 Factum
489 3702 588 3786 igitur
615 3711 693 3786 post
719 3698 815 3777 haee,
852 3698 1114 3787 adpropinquavi
1143 3702 1246 3784 magis

173 3813 269 3890 chao,
297 3813 466 3900 praeditus
494 3813 618 3878 lumine
642 3835 742 3899 quam
764 3815 920 3888 maxime,
949 3825 988 3874 ut
1010 3811 1174 3876 auferrem
1195 3809 1247 3873 lu·

119 3951 148 3992 so
173 3947 252 3991 men
273 3925 358 3990 illius
379 3930 429 3992 vis
453 3949 528 3992 omn
550 3926 632 3991 facie
654 3926 767 3992 leonis.
803 3926 916 4007 Quum
932 3945 1037 3988 essem
1050 3922 1163 3986 lumen
1176 3943 1246 3986 ma·
1369 4014 1372 4023 Ι

173 4041 271 4115 xime,
293 4041 403 4104 timuit
418 4053 450 4106 et
465 4041 618 4108 clamavit
633 4061 765 4106 sursum
776 4037 820 4102 ad
835 4059 932 4102 suum
948 4034 1046 4100 deum
1062 4019 1265 4122 α,ιοθσ,δὶι,’ῑιὶιη
1296 4046 1301 4067 ’
1352 4049 1357 4057 ’

172 4153 346 4220 arliuvaret
371 4154 522 4248 (βοηθησῃ)
550 4178 633 4233 eam,
657 4167 691 4220 et
711 4154 775 4219 hoe
796 4152 954 4238 temporis
976 4162 1145 4216 momento
1168 4170 1246 4238 pro·

233 4281 284 4349 Ι3.
306 4287 490 4349 undecimam
511 4311 659 4358 μιτανοιαν
685 4284 882 4366 (solutionem
903 4281 1074 4346 undecimae
1100 4303 1248 4352 orreretur

169 4385 220 4465 P.)
261 4386 312 4448 21.
335 4387 433 4470 igitur
453 4386 532 4467 (add.
554 4407 634 4448 nune
654 4386 704 4463 P.)

1029 4489 1043 4520 t

1001 4514 1022 4562 e
