3296 5354
149 1321 307 1432 Factum
329 1388 409 1432 vero
432 1363 492 1449 (dr)
517 1380 575 1445 est7
599 1389 703 1456 quum
716 1367 806 1434 lesus
830 1384 1018 1459 resurgeret
1040 1377 1221 1454 emortuis,
1246 1396 1330 1474 pag.
1353 1373 1372 1445 1

150 1495 183 1546 et
204 1483 398 1568 transigeret
420 1481 573 1576 undecim
596 1505 698 1546 annos
723 1482 860 1571 loquens
885 1506 961 1550 eum
984 1491 1051 1552 suis
1074 1487 1224 1572 μαθηταις
1312 1532 1314 1541 ·

150 1608 183 1660 et
206 1594 324 1659 docens
354 1617 409 1660 eos
438 1619 544 1680 usque
574 1595 617 1660 ad
645 1621 752 1667 τοπους
778 1599 1009 1665 tantummodo
1039 1606 1224 1690 primorum

147 1723 399 1797 praeceptorum
432 1723 530 1795 atque
563 1731 669 1796 usque
703 1707 746 1774 ad
779 1737 886 1782 τοπους
920 1717 1018 1801 primi
1051 1743 1223 1804 μυστηρωυ,

115 1823 260 1900 ehuius,
290 1821 380 1908 quod
407 1825 494 1886 intra
516 1848 762 1905 καταπετασμα,
793 1827 880 1889 intra
902 1830 1046 1914 primum
1068 1851 1223 1918 praecep·

148 1949 235 2012 tum,
266 1935 356 2022 quod
376 1939 486 2024 ipsum
509 1948 559 2000 est
579 1939 773 2003 vicesimum
797 1953 953 2024 quartum
978 1967 1144 2028 pompm,
1173 1956 1223 2008 et·

151 2071 215 2134 que
237 2048 322 2113 infra
349 2050 445 2126 haee,
480 2073 564 2138 quae
592 2065 670 2115 sunt
696 2054 730 2115 in
761 2051 904 2126 secundo
933 2081 1096 2141 χωρημωτι
1126 2060 1224 2144 primi

149 2187 326 2246 portento,
349 2163 439 2250 quod
461 2179 536 2229 ante
559 2191 710 2250 μυστηρια.
734 2169 859 2231 omnia:
887 2181 982 2255 pater
1006 2169 1223 2236 similitudinis

151 2275 337 2341 columbae:
367 2277 447 2342 dixit
467 2278 557 2343 Iesus
586 2283 651 2344 suis
675 2277 837 2362 petimen:
865 2285 942 2348 veni
970 2286 1117 2370 eprimo
1140 2310 1223 2369 μυσ-
1255 2319 1260 2349 r

107 2417 132 2458 ro
149 2417 233 2478 τηριῳ
255 2391 326 2468 illo,
355 2391 446 2478 quod
467 2392 555 2457 idem
578 2406 628 2457 est
648 2393 803 2459 ultimum
824 2421 994 2482 peremptor,
1025 2397 1114 2484 quod
1136 2401 1223 2464 vice·
1260 2462 1265 2480 ,

149 2507 269 2570 simum
293 2519 449 2591 quartum
472 2520 534 2584 est3
565 2506 656 2593 quod
679 2511 747 2572 eius
770 2507 904 2594 petimen
927 2510 1017 2574 haud
1041 2532 1223 2597 cognovere

147 2641 254 2706 neque
282 2619 470 2685 intellexere
499 2623 592 2703 (ni),
629 2625 706 2707 quia
733 2622 824 2687 haud
852 2626 1026 2710 quisquam
1061 2639 1111 2690 est
1136 2628 1225 2690 intra

147 2759 304 2820 perrepere
326 2732 423 2812 illud3
457 2732 514 2798 sed
536 2736 655 2816 (σιλλα)
677 2735 855 2823 putabant,
885 2763 1042 2822 μυστηριον
1070 2738 1152 2803 illud
1172 2742 1223 2826 ip-

149 2869 223 2912 sum
262 2868 332 2912 esse
372 2855 513 2933 κεφαλην
552 2851 697 2913 universi
737 2863 770 2913 et
810 2863 909 2937 eaput
935 2854 1098 2928 omnium,
1138 2873 1223 2936 quae

106 2985 132 3026 n
151 2963 229 3035 sint,
265 2973 300 3024 et
325 2960 502 3048 putabant,
537 2965 647 3050 ipsum
677 2984 746 3027 esse
779 2961 879 3026 finem
912 2961 1027 3026 linium
1057 2967 1222 3044 omnium3

149 3086 326 3159 propterea
349 3073 438 3160 quod
459 3074 549 3139 Iesus
573 3074 655 3139 dixit
675 3077 714 3139 iis
736 3074 778 3140 de
799 3101 951 3163 μυστηριῳ
973 3076 1045 3151 illo,
1073 3097 1151 3140 nam
1172 3080 1222 3165 ip-

150 3208 224 3252 sum
256 3185 436 3251 circumdat
464 3190 549 3276 (autz
579 3190 744 3277 explorat)
774 3191 918 3277 primum
947 3203 1161 3277 praeceptum
1190 3203 1223 3256 et

233 3350 351 3427 Omnia,
373 3351 525 3413 cancellis:
547 3353 589 3430 <)
612 3353 799 3428 circumdate,
822 3373 882 3412 non
902 3354 1056 3433 pertinent
1069 3355 1104 3414 ed
1118 3366 1223 3415 ructo-

148 3471 212 3511 rem
239 3451 348 3511 codicis
371 3453 449 3528 MS„
478 3452 530 3512 sed
555 3453 590 3512 ad
616 3451 830 3513 schwartzium
857 3453 1062 3533 interpretem.
1109 3453 1224 3516 Contra

148 3549 318 3611 huiusmodi
346 3552 429 3612 uncis
459 3551 508 3632 []
538 3551 651 3612 incluse
677 3553 746 3612 libri
776 3551 897 3634 Coptici
924 3556 1078 3615 contextui
1113 3555 1224 3618 inserte

147 3662 228 3712 runt.
283 3654 314 3712 1.
336 3663 508 3734 resurgeret
530 3651 755 3729 (resurrexisset
775 3654 840 3730 P.>‚
863 3655 1042 3737 transigeret
1063 3657 1224 3738 (transegit

146 3750 200 3828 P.)
241 3750 272 3810 3.
295 3751 501 3813 tantummodo
523 3751 631 3829 (edeoi
652 3753 703 3832 P.)
750 3751 780 3813 1.
802 3766 1028 3835 praeceptorum
1051 3758 1154 3835 (quum
1170 3776 1226 3833 per

148 3859 247 3908 totum
269 3849 377 3909 librum
398 3851 434 3912 de
455 3872 517 3911 uno
539 3861 654 3912 tantum
681 3864 839 3934 praecepto
866 3853 978 3933 primo,
1006 3875 1068 3913 non
1084 3853 1136 3947 de
1154 3851 1223 3931 plu-

149 3947 233 4006 ribus
255 3967 352 4008 sermo
374 3950 429 4025 eit,
451 3951 573 4012 dixerim
595 3951 743 4033 equidem,
765 3951 796 4012 in
811 3964 894 4012 textu
909 3972 964 4030 pro
979 3957 1002 4010 fi
1017 3955 1041 4009 fi
1057 3970 1133 4027 φρει
1147 3969 1223 4026 τως

150 4044 311 4126 legendnm
334 4067 398 4108 esse
419 4061 470 4109 aut
490 4054 514 4109 ἢ
535 4071 610 4129 prpn
631 4069 723 4128 τως,
744 4063 795 4111 eut
815 4055 839 4110 i‘r
863 4034 942 4128 mpii
960 4053 984 4109 fi
1004 4069 1095 4126 roim,
1123 4059 1174 4108 aut
1195 4050 1224 4108 E

150 4129 296 4223 1133an
315 4167 401 4225 τως.
423 4148 472 4225 P.)
533 4151 564 4210 5.
590 4150 782 4212 adverbum:
810 4150 891 4230 quod
913 4152 968 4225 (sc.
992 4150 1051 4223 est)
1071 4148 1224 4210 internum

148 4269 417 4325 καταπετασματος,
439 4251 520 4331 quod
540 4252 628 4311 intre.
650 4250 685 4310 P.
729 4250 779 4309 11.
803 4250 867 4310 eius
884 4253 959 4326 (nou
970 4247 1083 4332 legitur
1103 4293 1124 4326 „
1133 4249 1223 4310 eius”

149 4344 180 4406 in
202 4357 295 4408 textu.
317 4348 368 4427 Ρ.)
411 4349 462 4410 12.
485 4351 638 4432 quiequam
666 4360 712 4412 eet
739 4348 801 4426 (rel
822 4349 940 4432 potius:
963 4369 1026 4411 esse
1051 4349 1178 4432 aliquem
1200 4371 1224 4410 e.

149 4443 270 4526 aliquid.
293 4445 331 4509 ci.
355 4471 383 4530 p.
397 4448 426 4510 3.
449 4449 536 4511 1.21.
557 4451 607 4530 P.)
650 4447 700 4511 17.
724 4449 803 4530 (eutz
827 4447 961 4532 explorat
986 4449 1018 4512 S.
1040 4451 1102 4514 vel:
1125 4451 1224 4532 ipsum

999 4583 1020 4628 ἃ
