3240 5328
961 456 1028 524 242

457 663 521 716 rac,
545 641 573 703 si
596 639 710 704 exierit
731 657 894 722 οσωμιιτι,
918 635 1076 722 quidnam
1094 634 1214 701 facient
1236 635 1283 702 eii
1318 637 1402 702 Dixit
1411 635 1496 703 lesus:

457 753 599 818 hominis
621 749 810 818 huiusmodi
833 773 937 837 quum
957 763 1089 837 tempus
1119 747 1306 814 absolutum
1333 754 1372 815 sit
1390 759 1496 838 educa,

112 879 177 955 *7³*
191 883 206 934 ἰ
219 891 272 970 *l
316 875 366 947 Ὦ
389 887 422 966 :4
457 868 625 932 venientes
654 865 697 930 ad
725 867 794 930 eius
820 861 931 952 ψιχην
950 876 1176 951 sumptarus
1202 862 1430 940 Bainehosoeh,
1451 867 1497 950 qui

161 956 184 982 ν
235 954 240 977 l
345 956 361 1034 l
458 1001 545 1044 unus
569 982 674 1044 estin
695 977 800 1043 tribus
825 976 892 1042 deis
915 975 1109 1062 τριδννιιμιις,
1133 975 1252 1042 ducent
1273 980 1340 1042 eius
1360 975 1498 1062 ψυχηνὶι

457 1091 583 1158 laetitia
605 1105 638 1158 et
660 1092 789 1178 gaudio,
811 1104 878 1156 tres
899 1090 967 1156 dies
991 1094 1226 1156 circumeuntes
1250 1111 1323 1156 cnm
1338 1112 1381 1167 ea,
1401 1089 1525 1154 dcccc-s

457 1217 509 1270 tes
532 1229 605 1270 cam
628 1219 794 1271 creaturas
817 1232 936 1292 κοσμου
950 1209 985 1268 ἰιι
1006 1204 1129 1270 laetitia
1144 1217 1178 1268 et
1192 1203 1321 1290 gaudio.
1354 1204 1424 1268 Post
1433 1203 1500 1266 haec

459 1317 620 1383 deducent
642 1341 716 1383 eum
737 1321 772 1384 in
786 1340 912 1396 orcum,
933 1332 972 1382 ut
987 1318 1126 1384 doceant
1144 1340 1220 1384 eam
1234 1330 1415 1402 κιλιστιριι,
1433 1337 1499 1402 quae

456 1434 492 1494 in
515 1453 603 1509 orco,
624 1430 716 1497 haud
737 1459 911 1519 τιμωριυσιν
929 1429 1143 1508 deseruistis,
1167 1445 1258 1498 αλλω
1273 1430 1425 1496 docebunt
1443 1451 1500 1494 cam

456 1546 537 1610 istas
566 1545 806 1611 tantummodo.
863 1546 910 1611 Et
936 1568 1043 1632 vapor
1076 1543 1229 1611 flammae
1259 1558 1403 1612 notarem
1427 1546 1500 1607 sistet

343 1653 417 1729 388
458 1681 531 1723 eam
561 1673 691 1724 tantum
723 1659 904 1746 paululum.
962 1658 1122 1724 Posthaec
1150 1658 1332 1746 portabunt
1356 1679 1422 1722 eam
1444 1677 1532 1722 sur-s

459 1795 533 1837 sum
554 1775 589 1836 in
603 1777 692 1838 viam
713 1771 828 1849 medii,
851 1785 890 1836 ut
905 1771 1045 1837 doceant
1067 1795 1140 1836 eam
1163 1785 1303 1842 κιλωσιις
1317 1775 1435 1836 viarum
1447 1790 1500 1834 me·

458 1883 516 1961 dii,
547 1889 678 1950 sistente
701 1908 825 1974 vapore
847 1885 998 1952 flammae
1022 1907 1096 1950 eam
1121 1886 1306 1973 paululum.
1347 1885 1421 1950 Post
1438 1883 1501 1946 haec

458 1997 579 2064 ducent
605 2021 680 2064 eam
712 2000 756 2064 ad
783 1998 919 2084 vapdncv
948 2000 1089 2064 luminis
1144 2009 1295 2086 Κρινουσιι
1321 2021 1390 2064 eam
1420 2007 1501 2084 ponti

458 2133 532 2177 eam
555 2135 669 2178 coram
689 2135 793 2200 parvo
817 2113 996 2190 sabaothes,
1019 2111 1136 2200 αγαθῳ,
1159 2117 1341 2200 pertinente
1363 2111 1403 2176 ad
1420 2135 1499 2195 μεσπι

456 2225 666 2310 usquedum
688 2236 809 2312 σφωιρα
839 2248 996 2292 conversa
1023 2230 1079 2303 sit,
1109 2239 1148 2291 ut
1174 2225 1262 2292 Zeus
1289 2241 1322 2292 et
1347 2221 1531 2314 Aphrodites

456 2340 590 2403 veniant
615 2341 650 2403 in
677 2353 889 2426 conspectum
917 2339 1057 2424 παρθενιυ
1080 2340 1226 2426 luminis,
1257 2352 1363 2422 linctu
1391 2353 1420 2403 ct
1444 2347 1501 2420 Αριι

456 2455 589 2516 veniant
611 2465 688 2540 post
711 2475 793 2518 eam.
831 2463 908 2520 Τοτι
929 2453 1015 2518 ieret
1028 2451 1139 2541 ψυχην
1154 2453 1269 2520 lavasco
1294 2455 1386 2528 illius,
1405 2464 1440 2516 ut
1450 2463 1502 2513 tra·

456 2562 537 2629 dant
560 2589 634 2630 eam
656 2579 896 2652 παραλημπτιιις
919 2571 1003 2644 eius,
1030 2579 1071 2630 ut
1096 2569 1240 2632 inliciant
1261 2590 1337 2634 earu
1358 2566 1399 2632 ad
1418 2584 1501 2630 ιιιωνιιι

455 2685 601 2764 rocenac,
624 2692 657 2742 et
678 2691 853 2765 λιιτιυργων
875 2689 1019 2768 odoacar,
1042 2693 1081 2745 ut
1099 2681 1238 2745 educant
1253 2704 1330 2747 eam
1344 2680 1384 2745 ad
1397 2697 1500 2764 aquam

456 2811 541 2875 quae
565 2804 615 2856 est
635 2791 722 2856 infra
744 2801 893 2880 σφαιριιν,
920 2808 960 2858 ut
981 2794 1092 2858 fumus
1122 2793 1280 2861 ebulliens
1310 2791 1449 2860 comedat
1465 2793 1530 2852 ina

454 2915 509 2969 tus
531 2907 566 2968 in
589 2928 671 2982 eam,
694 2907 902 2992 usquedum
925 2907 1069 2998 καθαριηι
1097 2929 1172 2973 eam
1201 2908 1308 2974 valde.
1351 2909 1393 2974 Et
1416 2905 1502 2970 veniet

454 3015 612 3096 Ialubam,
635 3033 860 3107 παριλημπτης
883 3020 1040 3086 Sabaothi
1057 3019 1214 3096 Adamas,
1238 3026 1298 3107 qui
1321 3021 1375 3086 dat
1396 3019 1502 3084 calicem

456 3130 630 3198 oblivionis
652 3130 788 3221 ψιχιιις,
813 3148 846 3200 et
868 3134 976 3200 ferens
996 3157 1117 3221 aquam
1138 3135 1311 3200 oblivionis
1335 3133 1502 3199 tradeteam

454 3243 565 3339 ψυχῃ,
595 3259 634 3310 ut
656 3246 867 3313 obliviscatur
888 3271 1000 3313 rerum
1028 3252 1175 3314 omnium
1199 3263 1232 3314 et
1254 3275 1350 3315 τοπων
1372 3249 1502 3314 omnium,

453 3359 489 3422 in
512 3383 594 3446 quos
617 3363 760 3426 intravit
783 3363 939 3450 ‚Posthac
958 3365 1089 3428 veniens
1113 3376 1340 3448 παραλημπηι
1360 3363 1446 3450 parvi
1459 3355 1531 3420 Sti-¹

453 3469 576 3549 baothi‚
600 3473 727 3558 αγαθου,
754 3478 946 3562 pertinentis
973 3475 1016 3541 ad
1038 3502 1138 3559 μεσον,
1166 3475 1249 3540 feret
1273 3498 1403 3562 quoque
1423 3491 1503 3562 pocu-

414 3582 523 3662 alum
558 3585 693 3670 plenum
716 3613 860 3673 νοημιιτος
883 3601 916 3652 et
944 3592 1119 3677 sapientiae
1148 3602 1181 3654 et
1208 3592 1243 3653 iu
1271 3613 1338 3676 quo
1362 3603 1410 3654 est
1429 3580 1504 3668 vvlt-

454 3695 572 3760 Tradit
593 3697 683 3762 istud
697 3695 808 3790 ψιχῃ,
831 3713 869 3764 ut
890 3703 1036 3766 iniiciant
1058 3725 1131 3767 eam
1152 3706 1187 3766 in
1210 3729 1313 3786 σωμα,
1337 3724 1418 3790 quae
1434 3691 1503 3762 haud

452 3816 576 3899 poterit
604 3811 762 3889 dormire,
791 3812 857 3880 code
884 3818 1006 3902 poterit
1035 3816 1180 3881 oblivisci
1207 3830 1345 3904 propter
1372 3811 1504 3903 poculum

338 3918 414 3994 389
453 3923 576 4012 vadens,
600 3926 690 4013 quod
705 3927 867 3994 dederunt
890 3932 928 4005 ei,
951 3943 1042 3996 ωλλα
1065 3929 1189 3996 lavabit
1211 3934 1280 3995 eius
1303 3953 1360 3996 cor
1377 3937 1532 3992 constan-³

452 4049 504 4104 ter
527 4040 569 4104 ad
585 4041 772 4126 qtraerenda
793 4068 943 4126 μυστηριιι
964 4044 1106 4120 luminis,
1130 4043 1233 4110 donec
1255 4047 1397 4132 reperiat
1411 4063 1446 4105 ca
1460 4055 1505 4123 per
1552 4031 1553 4099 l

453 4163 614 4219 statutum
638 4153 778 4240 wapinco
806 4157 952 4233 luminis,
982 4170 1021 4220 ut
1048 4170 1251 4249 κληρονομησῃ
1282 4159 1394 4222 lumen
1420 4164 1504 4217 actu

451 4284 541 4330 num.
593 4268 684 4334 Dixit
714 4267 1038 4347 Maribam-homo,
1074 4276 1131 4358 qni
1166 4274 1327 4336 commisit
1355 4279 1505 4358 peccatum

453 4376 592 4464 quodvis
630 4395 664 4446 et
698 4409 825 4472 acaprio
856 4388 1019 4472 quamvis,
1055 4386 1145 4452 haud
1178 4387 1342 4474 reperiens
1376 4397 1506 4469 μυστιριιι
