3296 5354
984 417 1005 482 8

456 623 628 688 pompeo,
654 593 731 664 inde
755 594 796 662 ab
818 596 889 662 istis
913 607 1098 682 quaesunt
1124 599 1158 662 in
1184 591 1289 686 τιξεσι
1312 595 1446 662 secundi
1465 621 1524 682 χω-

456 737 588 804 perpessos
609 713 707 800 primi
728 733 907 796 μυστηριους
937 707 1052 793 ultien
1074 712 1173 797 igitur
1199 709 1296 786 illud,
1326 708 1420 798 quod
1440 713 1526 798 posui

456 830 492 892 in
514 827 632 891 ultimo
660 851 827 913 μυστηριῳ,
861 846 967 910 usque
997 822 1075 888 dum
1105 813 1296 910 impleretur
1322 838 1464 912 tempus,
1495 836 1528 886 ut

457 939 628 1007 induerem
662 937 751 1003 istud
781 939 875 1015 mihi,
916 951 949 1003 et
978 951 1018 1001 ut
1050 941 1228 1026 inciperem
1258 937 1416 1023 (apxsdm)
1447 937 1528 1022 loqui

459 1076 535 1119 cum
557 1081 631 1141 γενιι
653 1052 816 1129 humano,
840 1065 873 1116 et
894 1065 934 1115 ut
955 1051 1137 1116 revelarem
1165 1051 1227 1115 illis
1257 1053 1369 1116 omnia
1397 1048 1471 1114 inde
1493 1048 1553 1112 abs

459 1195 543 1260 αρχῃ
564 1165 705 1240 atridem
726 1187 831 1253 usque
859 1163 938 1248 (ἕως)
967 1164 1011 1229 ad
1041 1168 1111 1230 eius
1142 1163 1257 1241 finem,
1292 1178 1394 1251 atque
1422 1178 1460 1228 ut
1485 1163 1528 1228 lo·

460 1304 579 1368 querer
602 1302 677 1344 cum
703 1282 742 1344 iis
763 1279 840 1344 inde
864 1278 904 1343 ab
933 1282 1067 1344 internis
1096 1282 1300 1344 internorum
1330 1301 1438 1365 usque
1461 1276 1530 1358 (ἐωε)

460 1395 503 1461 ad
526 1408 660 1460 externa
682 1407 904 1469 externorum,
925 1413 986 1458 nec
1009 1416 1076 1457 non
1104 1392 1145 1456 ab
1169 1396 1310 1458 externis
1326 1406 1530 1457 externorum

458 1531 564 1594 usque
594 1506 673 1591 (doz)
704 1506 746 1571 ad
775 1510 903 1572 interna
935 1509 1155 1582 internorum,
1182 1545 1219 1556 -
1253 1507 1394 1593 gaudete
1431 1509 1529 1592 igitur,

458 1622 639 1698 laetamini,
677 1635 775 1706 atque
809 1620 949 1708 amplius
986 1620 1138 1708 gaudete,
1175 1620 1265 1706 quod
1294 1619 1391 1685 vobis
1423 1620 1530 1684 datum
1544 1638 1562 1678 u

460 1749 523 1813 est,
557 1749 596 1800 ut
616 1734 735 1821 loquar
756 1735 928 1800 vobiscum
955 1737 1081 1822 primus
1108 1734 1184 1799 inde
1214 1734 1255 1798 ab
1287 1762 1371 1826 apxp
1399 1735 1531 1807 atrium

459 1873 565 1936 usque
588 1848 666 1934 (ἕωι)
689 1849 732 1914 ad
760 1852 828 1914 eius
852 1848 960 1914 finem.
1004 1849 1184 1937 Propterea
1212 1871 1346 1935 quoque
1376 1849 1458 1936 elegi
1477 1869 1531 1910 vos

461 1962 503 2029 ab
525 1968 617 2030 initio
639 1986 700 2051 per
721 1966 1052 2051 primumprimnum
1076 1961 1214 2050 gaudete
1232 1965 1339 2050 igitur,
1361 1963 1531 2036 laetamini,

462 2076 568 2165 quod,
599 2091 818 2164 posteaquam
839 2080 915 2141 veni
939 2081 1047 2142 exiens
1069 2081 1105 2142 in
1126 2105 1246 2161 κοσμον,
1276 2075 1318 2142 ab
1341 2081 1437 2142 initio
1462 2075 1531 2140 duxi

462 2189 635 2256 duodecim
657 2193 742 2254 vires
765 2212 896 2255 mecum
924 2192 1104 2256 secundum
1127 2196 1235 2273 (κατα)
1257 2190 1414 2269 modum,
1441 2211 1530 2278 quem
1544 2207 1563 2246 1⁵

462 2303 529 2368 dixi
551 2302 645 2367 vobis
669 2301 710 2366 ab
733 2306 835 2368 initio.
881 2303 991 2368 Sumsi
1015 2328 1069 2370 eas
1093 2331 1113 2370 a
1143 2305 1315 2370 duodecim
1345 2333 1471 2392 rumpet
1490 2302 1531 2376 6⁷,-

462 2443 574 2504 coupou
597 2416 728 2481 luminis
751 2443 833 2484 aare
853 2431 986 2485 κελευσιν
1009 2421 1106 2505 primi
1128 2446 1300 2506 pancarpon.
1344 2420 1417 2486 Has
1443 2421 1532 2506 igitur

460 2532 556 2596 inieci
576 2533 612 2594 in
639 2543 772 2596 uterum
798 2546 985 2598 vestrarum
1011 2548 1172 2610 matrum,
1199 2537 1332 2599 veniens
1358 2536 1396 2598 in
1419 2557 1531 2619 κοσμον,

463 2667 549 2730 quae
579 2657 656 2708 sunt
684 2647 719 2708 in
748 2659 859 2712 vestro
891 2674 1011 2730 rupuar
1037 2647 1144 2712 hodie.
1198 2649 1304 2713 Datae
1335 2651 1425 2712 enim
1453 2649 1532 2732 (γαρ)
1607 2677 1608 2680 “

463 2771 540 2822 sunt
561 2758 623 2824 hae
646 2761 731 2824 vires
755 2760 849 2826 vobis
876 2784 956 2849 prae
981 2767 1092 2848 (παρα)
1112 2787 1218 2850 eorus)
1240 2776 1328 2838 toto,
1358 2761 1452 2850 quod
1477 2775 1564 2824 vost

463 2875 625 2939 servaturi
648 2877 724 2940 estis
747 2902 857 2961 κοσμον
885 2890 1010 2954 totum,
1047 2890 1145 2962 atque
1173 2890 1212 2940 ut
1239 2878 1370 2964 possitis
1403 2876 1531 2942 sufferre

394 3024 399 3033 ·
463 3000 588 3064 απειλην
607 3014 758 3074 ιρχοντων
780 3017 905 3074 acopon,
929 3005 1028 3077 atque
1051 3013 1223 3055 aerumnas
1250 3017 1301 3057 του
1321 3017 1456 3076 ascuto,
1484 3011 1531 3054 eo·
1607 2973 1608 3016 l

461 3123 603 3191 rumque
625 3101 786 3182 κινδυνους,
816 3127 997 3191 eorumque
1020 3102 1170 3192 διωγμους
1200 3128 1327 3183 omnes,
1349 3103 1531 3172 inferendos

460 3217 496 3279 in
525 3239 585 3282 vos
618 3217 659 3282 ab
691 3243 836 3302 αρχουσιν
867 3219 1056 3284 altitudinis.
1106 3219 1183 3282 Dixi
1211 3223 1298 3284 enim
1327 3224 1416 3305 (γαρ)
1446 3217 1531 3286 vobis

460 3329 573 3394 multis
596 3329 737 3407 vicibus,
767 3334 851 3408 vim,
882 3356 965 3418 quae
987 3337 1066 3398 insit
1086 3336 1121 3398 in
1142 3333 1252 3410 vobis,
1284 3333 1416 3400 duxisse
1445 3356 1495 3400 me
1516 3347 1563 3394 en

463 3441 636 3506 duodecim
660 3469 798 3527 σωτηρσι,
827 3449 884 3530 qui
907 3449 1027 3510 sintin
1050 3445 1185 3536 daraopp
1214 3448 1354 3514 luminis.
1398 3448 1532 3536 Propter

461 3553 526 3616 hoo
548 3556 658 3639 ipsum
680 3553 747 3618 dixi
768 3555 863 3620 vobis
888 3556 929 3621 ab
958 3561 1066 3635 initio,
1095 3583 1157 3626 vos
1186 3584 1254 3628 non
1282 3584 1353 3627 esse
1382 3583 1530 3646 θκοσμῳ-

461 3663 554 3732 ldem
578 3687 638 3754 ego
661 3690 730 3735 non
753 3691 827 3736 sum
850 3693 890 3736 cx
913 3693 962 3738 eo.
1007 3671 1165 3741 Homines
1194 3678 1281 3742 enim
1303 3681 1390 3764 (γαρ)
1414 3666 1531 3749 omnes,

546 3853 575 3914 1.
602 3852 668 3915 istis
696 3855 766 3936 (pro
794 3855 912 3932 „istis”
936 3857 1094 3941 legendum
1121 3858 1253 3920 videtur:
1287 3860 1414 3920 internis
1445 3875 1531 3939 usque

461 3951 497 4014 ad
519 3966 650 4016 externa.
674 3953 712 4015 cl.
734 3968 807 4017 uota
826 3958 922 4018 textui
943 3957 974 4018 h.
991 3959 1011 4019 l.
1031 3959 1162 4020 subiecta
1184 3960 1231 4038 P.)
1273 3958 1303 4020 7.
1328 3961 1454 4022 internis
1476 3959 1531 4035 (in-

460 4063 550 4116 terno
561 4055 611 4134 P.)
657 4055 686 4116 8.
710 4068 830 4118 externa
851 4061 1019 4138 (externum
1031 4059 1081 4138 P.)
1124 4059 1154 4120 8.
1177 4061 1307 4121 extemis
1329 4065 1466 4140 (externo
1487 4057 1531 4132 P.)

462 4152 492 4212 9.
524 4155 642 4217 interna
673 4156 839 4235 (internum
871 4158 921 4238 P.)
985 4161 1034 4220 10.
1067 4159 1215 4221 laetamini
1248 4161 1460 4239 (exsultatione
1487 4157 1531 4232 P.)

462 4251 514 4312 tt.
542 4255 730 4432 atpoelfapd.
754 4259 843 4320 etiam
864 4257 915 4338 P.)
968 4260 1018 4322 23.
1042 4281 1203 4344 eorumque
1225 4265 1351 4343 („atque
1372 4261 1460 4324 etiam
1481 4278 1528 4320 co-

464 4351 550 4412 rum’'
593 4351 617 4412 is
665 4396 673 4414 .
