3254 5340
630 454 697 526 107

119 638 224 706 laeter
247 647 281 702 et
304 631 480 723 gaudeam,
504 631 595 720 quod
618 631 896 723 adpropinquavit
917 648 1063 726 tempus,
1085 649 1125 704 ut
1140 636 1200 706 du·

121 775 175 818 tas
198 753 310 816 mein
332 769 446 814 meum
467 773 564 824 τιπιν,
587 759 686 834 atque
711 751 810 814 etiam
833 748 998 837 gaudebo,
1028 751 1118 838 quod
1142 753 1199 818 ad·

120 866 359 955 propinquavit
387 876 535 948 tempus,
567 883 633 947 quo
663 861 792 926 auferes
823 866 891 927 vim
917 862 1048 929 luminis
1079 865 1120 930 ab
1149 865 1199 932 bis

122 978 285 1052 omnibus,
310 979 366 1063 qui
390 975 491 1039 odere
513 997 576 1052 me,
600 973 691 1060 quod
713 1002 873 1041 excessura
891 989 949 1040 tuo
965 976 1089 1042 lumini.
1126 979 1198 1066 Ego

80 1118 96 1156 ι
123 1091 156 1160 da
184 1089 387 1178 respondens
422 1088 487 1152 dixi
518 1090 562 1166 ei,
605 1087 736 1175 quondo
772 1088 892 1154 videris
925 1104 1022 1162 πυλην
1054 1091 1199 1173 θησαυριυ

121 1208 231 1292 magni
254 1204 396 1278 luminis,
422 1224 505 1289 quae
530 1214 643 1288 aperta
667 1215 716 1266 est
739 1201 864 1266 decimo
887 1205 985 1267 tertio
1002 1229 1090 1278 ιιωιι,
1114 1225 1199 1290 quae

124 1321 253 1386 sinistra
282 1331 346 1394 est,
364 1355 402 1366 -
430 1314 562 1402 quando
592 1319 779 1402 aperuerint
807 1333 905 1389 πυλην
931 1315 1036 1393 iliam,
1064 1318 1200 1405 impleta

126 1445 204 1495 sunt
226 1432 289 1494 tria
311 1443 469 1517 tempora.
515 1428 729 1516 Respondeas
758 1432 878 1494 iterum
900 1439 999 1514 σιφιιι
1022 1429 1117 1495 dixit:
1147 1431 1199 1496 lu·

124 1565 215 1618 men,
239 1543 295 1607 ubi
320 1545 427 1617 sciam,
449 1564 584 1606 versans
608 1545 642 1605 in
656 1542 718 1606 hoc
733 1569 828 1628 τιπῳ,
852 1555 1000 1629 apertam
1016 1565 1085 1608 esse
1102 1559 1199 1620 πυληι

68 1685 97 1726 ιι
123 1657 235 1722 illam?
272 1657 344 1742 Ego
368 1656 400 1732 δι
421 1655 622 1742 respondens
647 1654 713 1719 dixi
737 1659 781 1720 ei:
805 1677 908 1740 quum
931 1659 1119 1742 aperuerint
1140 1684 1197 1722 τυ-

122 1784 177 1844 aar
198 1770 303 1846 illam,
327 1772 430 1834 soient
452 1769 499 1844 bi,
528 1772 584 1854 qui
608 1771 740 1833 suntin
764 1793 864 1835 ιιωσιν
887 1767 1039 1833 omnibus
1062 1783 1199 1857 propter

123 1907 279 1971 magnum
309 1885 436 1958 iumen,
477 1881 568 1968 quod
598 1885 660 1947 erit
688 1885 723 1946 in
754 1905 868 1947 eorum
904 1909 1001 1951 ιιιιις
1031 1883 1197 1963 οιιιηίΙιιιις

124 2011 204 2070 πλην
226 2000 338 2083 igitur,
368 2019 439 2061 eece
463 1999 630 2072 constitui,
652 2009 691 2060 ut
713 2019 754 2060 ne
776 2009 949 2091 τιλμηιωιι
974 2009 1087 2060 contra
1108 2011 1141 2062 te
1164 2001 1199 2061 in

125 2110 195 2175 ullo
218 2111 317 2186 maio,
339 2132 442 2196 usque
466 2110 545 2174 dum
560 2110 694 2197 impieta
710 2109 833 2175 iuerInt
847 2112 909 2174 tria
927 2124 1087 2196 tempora.
1122 2111 1199 2176 Tibi

70 2252 99 2294 rs
127 2222 160 2291 ds
183 2227 244 2288 erit
266 2221 386 2308 ιξιυσιι.
407 2237 549 2310 praesto,
573 2223 671 2288 eundi
693 2226 730 2288 in·
749 2223 880 2288 iliorum
897 2221 1069 2287 duodecim
1090 2250 1198 2295 ιιιωνις

124 2351 301 2425 tempore,¹
320 2360 386 2424 quo
414 2337 575 2413 volueris,
605 2351 704 2423 atque
734 2336 939 2414 revertundi,
967 2352 1006 2402 ιιι
1032 2340 1142 2402 venies
1165 2341 1199 2404 in
1239 2338 1311 2411 168

122 2464 220 2516 tuum
242 2479 345 2530 τιτιν,
376 2454 433 2537 qui
455 2449 541 2514 infra
573 2451 735 2516 decimum
762 2455 896 2516 tertium
925 2478 1031 2528 ecura,
1066 2454 1100 2514 in
1131 2475 1196 2538 quo

123 2587 210 2630 nunc
233 2588 284 2643 es,
307 2578 397 2631 ιλλι
420 2565 480 2628 tibi
503 2563 593 2628 haud
615 2568 676 2630 erit
699 2564 818 2654 εξιυσιι
841 2580 989 2651 praesto,
1011 2565 1198 2630 introeundi

124 2681 160 2741 in
182 2693 278 2752 πυλην
302 2677 495 2755 altitudinis,
528 2701 612 2765 quae
636 2693 686 2744 est
707 2683 742 2743 in
764 2679 889 2744 decimo
914 2682 1010 2744 tertio
1034 2707 1130 2757 ιιωνι,
1160 2693 1199 2744 ut

70 2819 98 2864 ω
125 2793 228 2856 intres
260 2794 295 2856 in
323 2805 418 2856 tuum
444 2817 546 2869 soror,
581 2814 598 2856 e
628 2815 694 2878 quo
724 2815 851 2879 egressa
881 2815 924 2856 es.
975 2801 1061 2866 Πλην
1090 2796 1197 2879 igitur,

126 2927 231 2992 quum
257 2904 394 2992 impleta
422 2905 544 2970 suerint
572 2909 636 2970 tria
663 2920 832 2992 tempora,
865 2904 987 2990 affliget
1014 2907 1135 2976 iterum
1164 2919 1198 2971 to

125 2999 280 3093 bovinias
303 3040 378 3082 eum
402 3022 467 3084 suis
491 3046 636 3102 ιρχιυσιι
659 3019 825 3094 omnibus,
854 3031 892 3082 ut
914 3017 1065 3081 auferant
1086 3017 1199 3082 lumen

125 3156 146 3198 a
168 3145 210 3210 te,
231 3135 336 3198 iratus
359 3133 432 3209 tibi,
456 3137 604 3220 opinans,
629 3147 663 3199 te
686 3161 828 3216 κιτιχιιν
851 3154 944 3196 ιιιιιιιι
960 3134 1027 3195 vim
1048 3133 1083 3194 in
1106 3129 1198 3208 cbao,

127 3259 161 3312 et
183 3249 334 3334 opinans,
358 3260 390 3312 te
414 3247 586 3312 abstulisse
611 3251 679 3314 eius
702 3248 815 3312 lumen
837 3249 876 3311 ei.
909 3244 1119 3312 Succensebit
1139 3247 1198 3331 igi·

72 3387 101 3430 n
128 3371 183 3424 tur
205 3360 279 3436 tibi,
301 3375 340 3426 ut
359 3361 501 3427 auferat.
514 3361 625 3426 lumen
647 3385 667 3426 a
689 3376 732 3438 te,
755 3376 794 3426 ut
815 3364 925 3427 mittat
944 3358 1025 3424 illud
1040 3361 1074 3423 in
1090 3358 1198 3437 cbaos,

126 3486 166 3537 ut
187 3473 336 3540 inderent
358 3479 390 3562 (i.
409 3497 436 3540 e.
458 3473 638 3560 inderetur)
661 3479 695 3540 in
719 3499 813 3541 suam
835 3477 983 3562 πριβολην
1004 3474 1107 3549 illam,
1131 3495 1197 3561 quo

124 3587 235 3653 valeat
258 3592 345 3654 exire
369 3612 387 3654 e
415 3589 495 3654 cbao
525 3602 559 3654 et
587 3592 699 3654 venire
729 3593 763 3655 in
793 3613 889 3655 suum
919 3615 1015 3656 roaov.
1066 3588 1136 3654 Hos
1167 3586 1200 3656 dt

124 3701 297 3769 adiuvabit
318 3701 477 3779 Adamas,
514 3725 573 3790 ego
597 3703 630 3770 dr
652 3703 800 3771 auferam
829 3724 944 3770 eorum
971 3707 1056 3769 vires
1085 3725 1198 3770 omnes

127 3815 170 3879 ab
194 3838 244 3891 eo,
269 3815 354 3880 dabo
371 3839 425 3882 eas
441 3815 509 3892 tibi,
532 3830 631 3903 atque
647 3823 786 3896 veniam,
809 3831 848 3882 ut
862 3841 991 3884 sumam
1007 3839 1071 3882 eas.
1106 3816 1200 3881 Nune

71 3958 99 4000 aa
126 3931 227 4015 igitur
251 3951 354 4015 quum
384 3929 559 3996 afflixerint
587 3948 620 3998 te
650 3933 706 3998 illo
737 3946 901 4020 tempore,
929 3937 1039 4015 ὐμνιυι
1069 3949 1200 3992 ιιιιιιιιιι

212 4093 240 4152 1.
271 4091 516 4175 adpropinquavit
547 4086 644 4175 (venit
672 4097 721 4170 P.)
791 4093 820 4154 7.
853 4093 972 4174 impieta
997 4091 1116 4171 (utique
1142 4089 1199 4150 im-

123 4191 207 4274 pleta
227 4192 276 4264 P.)
332 4193 360 4254 9.
384 4193 434 4255 ubi
457 4197 549 4273 (unde
571 4219 594 4256 s.
617 4217 676 4277 quo
699 4197 749 4273 P.)
804 4194 853 4254 16.
875 4206 963 4274 atque
977 4191 1053 4269 (add.
1068 4191 1199 4267 „etiam”

124 4293 175 4369 P.)
230 4293 280 4354 22.
303 4293 464 4368 teubodus
485 4294 638 4376 (αυθαδηι
658 4298 706 4374 P.)
766 4293 816 4355 27.
839 4317 926 4356 suum
945 4317 1031 4355 τιπιν
1050 4293 1130 4376 (eius
1151 4315 1200 4353 so·

124 4416 178 4453 πον
198 4393 247 4475 P.)
309 4395 361 4458 28.
383 4418 489 4460 eorum
511 4397 589 4461 vireo
612 4401 691 4480 (tuas
712 4397 791 4461 vires
812 4396 862 4474 P.)
