3254 5340
923 471 969 538 96

409 655 506 731 mihi,
534 667 574 717 ut
601 651 770 740 proferam
799 650 997 717 solutionem
1024 647 1204 716 verborum
1232 655 1376 735 φανερως.
1419 647 1486 712 Re-

411 767 575 856 spondent
600 763 631 832 dr
653 767 796 852 primum
819 791 976 850 pnrrrprsr
1000 761 1081 827 dixit
1100 761 1265 826 Thomas:
1289 772 1403 826 κελευω
1417 759 1486 837 tibi,

410 894 450 944 ut
471 879 620 968 proferas
645 879 842 944 solutionem
864 881 975 955 ὕμνου,
1004 898 1102 962 quem
1123 878 1267 958 ὑμνευσεν
1290 895 1421 937 sursum
1444 873 1488 938 ad

410 1016 464 1058 me
492 1019 587 1062 τιστις
609 1002 715 1078 repra.
759 990 973 1079 Respondens
1003 991 1034 1054 δε
1057 989 1204 1052 Thomas
1235 987 1330 1051 dixit:
1358 990 1404 1050 mi
1427 985 1487 1050 do·

410 1110 508 1182 mine,
531 1105 571 1170 de
593 1110 687 1190 ὕμνῳ,
712 1127 810 1192 quam
834 1104 914 1168 dixit
936 1129 1030 1173 πιστις
1048 1111 1155 1186 capra,
1179 1100 1269 1187 quod
1292 1099 1429 1164 liberata
1444 1103 1487 1163 sit
1518 1124 1530 1163 r

412 1242 429 1284 e
453 1219 549 1284 chao:
574 1233 632 1282 tua
647 1222 695 1282 vis
711 1217 842 1282 luminis
865 1227 1080 1305 επροφητευσεν
1095 1215 1173 1279 oiim
1188 1237 1249 1302 per
1264 1213 1487 1290 solomonem,

301 1323 373 1398 150
412 1331 516 1398 filium
539 1331 690 1406 Davidis‚
713 1334 748 1394 in
771 1334 839 1396 eius
864 1329 967 1416 piant:
997 1330 1178 1407 „Servatus
1202 1351 1276 1393 sum
1299 1350 1317 1392 e
1339 1329 1487 1393 vinculis.

411 1445 493 1532 Fugi
516 1443 559 1508 ad
583 1458 623 1520 te,
648 1445 787 1521 domine,
816 1445 906 1530 quod
930 1445 1018 1509 fuisti
1041 1445 1119 1508 mihi
1142 1443 1257 1506 dextra
1279 1464 1413 1506 servans
1433 1464 1487 1507 me

412 1573 511 1644 atque
534 1580 668 1622 servans
691 1581 759 1633 me,
790 1571 824 1622 et
846 1558 1005 1622 adiuvans
1028 1579 1097 1633 me,
1121 1569 1277 1622 ικωλυσωε
1303 1569 1486 1643 pugnantes

413 1685 528 1737 eontra
550 1694 617 1747 me,
641 1693 748 1756 neque
772 1685 1009 1759 apparuerunt3
1041 1670 1131 1756 quod
1154 1681 1212 1734 tua
1235 1669 1333 1734 iacies
1356 1692 1487 1734 meeum
1514 1693 1536 1734 u

412 1793 485 1852 erat'
505 1808 640 1850 servans
663 1807 715 1850 me
738 1799 796 1849 tua
819 1811 932 1868 χαριτι.
984 1785 1113 1850 Affecta
1136 1807 1209 1848 sum
1232 1787 1409 1870 ignominia
1433 1805 1487 1849 eo·
1555 1821 1562 1832 ·

411 1923 484 1965 ram
505 1898 721 1975 multitudine,
745 1913 844 1984 atque
866 1901 1074 1986 proiecerunt
1095 1919 1159 1962 me.
1203 1897 1264 1960 Fui
1283 1901 1365 1962 sicut
1379 1898 1488 1985 plum·

411 2013 492 2078 bum
516 2036 625 2078 coram
649 2017 697 2077 iis.
753 2013 853 2076 Facta
875 2013 954 2076 mihi
979 2025 1028 2076 est
1049 2015 1100 2076 vis
1132 2033 1152 2074 a
1175 2025 1208 2076 te
1242 2010 1402 2076 adiuvans
1425 2034 1487 2088 me,

413 2127 503 2212 quod
525 2130 664 2214 posuisti
686 2125 834 2190 lucernas
858 2125 901 2190 ad
925 2125 1074 2190 dextram
1096 2127 1175 2190 mihi
1203 2139 1236 2188 et
1258 2125 1301 2189 ad
1324 2129 1489 2190 sinistram

411 2240 508 2314 mihi,
539 2252 577 2301 ut
605 2261 647 2302 ne
678 2239 859 2324 quidquam
890 2243 974 2304 circa
1004 2262 1058 2304 me
1088 2253 1174 2304 esset
1200 2239 1330 2304 luminis
1361 2262 1486 2328 expers.
1515 2264 1538 2304 rs

411 2361 596 2419 Εσκεπασας
618 2373 672 2414 me
696 2351 756 2415 sub
782 2351 900 2415 umbra
929 2366 1007 2417 tuae
1029 2353 1278 2429 misericordiae,
1306 2367 1339 2418 et
1361 2353 1410 2416 sui
1433 2377 1487 2418 su·

411 2489 472 2555 per
486 2479 593 2530 vestes
611 2464 769 2551 pelliceas.
816 2464 891 2529 Tua
916 2465 1031 2530 dextra
1054 2468 1210 2532 exaltavit
1233 2489 1295 2544 me,
1319 2481 1352 2532 et
1374 2466 1488 2532 abstu-

411 2579 475 2644 listi
499 2577 721 2642 infirmitatem
744 2602 764 2642 a
786 2601 848 2642 me.
894 2579 1012 2644 Factus
1033 2604 1107 2646 sum
1122 2580 1250 2645 validus
1265 2595 1323 2644 tua
1337 2584 1487 2658 veritate,

410 2705 570 2781 purgatus
592 2705 652 2755 tua
681 2691 857 2783 dracas-mg.
907 2693 1039 2758 Remoti
1068 2708 1144 2758 sunt
1171 2719 1191 2759 a
1218 2717 1271 2760 me
1303 2709 1487 2783 pugnantes

413 2819 526 2870 contra
554 2829 616 2881 me,
645 2818 678 2870 et
700 2805 893 2871 iustificatus
922 2829 996 2870 sum
1017 2821 1075 2872 tua
1104 2835 1295 2890 χρηποτητι,
1323 2831 1402 2871 nam
1428 2823 1488 2872 tua
1514 2833 1540 2873 ι

412 2923 504 3006 quies
535 2933 585 2984 est
614 2919 657 2983 ad
687 2934 857 2984 aeternum
885 2923 1112 2985 aeternitatis.”
1156 2922 1245 2987 Haec
1268 2924 1374 3008 igitur,
1398 2943 1419 2986 ο
1443 2925 1487 2986 mi

412 3031 556 3109 domine,
589 3047 639 3097 est
661 3033 781 3097 solutio
804 3060 978 3116 paraverat,
1009 3057 1109 3120 quam
1138 3035 1220 3100 dixit
1249 3061 1343 3103 πιστις
1373 3045 1487 3120 sopra,

413 3168 515 3232 quum
539 3159 669 3210 servata
692 3159 777 3210 esset
798 3150 833 3209 in
855 3147 952 3225 eham
976 3147 1052 3212 audi
1076 3151 1182 3235 igitur,
1212 3149 1331 3234 loquar
1353 3151 1387 3213 in
1409 3151 1487 3235 παῤ-

409 3261 507 3347 parra.
552 3259 699 3323 Verbum
726 3263 839 3345 igitur,
870 3260 960 3346 quod
989 3275 1049 3326 tua
1083 3266 1132 3326 vis
1160 3261 1291 3326 luminis
1321 3263 1402 3327 dixit
1427 3285 1487 3350 per

413 3371 642 3437 Solomonem:
667 3373 845 3448 „Servatus
862 3397 934 3438 sum
959 3376 1145 3440 avinculis.
1189 3376 1272 3464 Fugi
1295 3377 1337 3440 ad
1359 3389 1402 3452 te,
1426 3376 1485 3441 do·
1512 3401 1538 3441 ι

410 3485 525 3559 mine‚''
549 3487 656 3570 ipsum
673 3498 722 3548 est
737 3485 884 3562 verbum,
909 3488 998 3573 quod
1022 3487 1102 3554 dixit
1124 3515 1219 3558 τιστις
1241 3499 1354 3574 sopra:
1378 3491 1487 3554 soluta

411 3616 484 3658 sum
506 3618 524 3658 e
546 3597 682 3661 vinculis
706 3598 858 3684 caliginis,
880 3604 956 3663 veni
979 3601 1022 3666 ad
1046 3616 1086 3678 te,
1110 3602 1258 3679 domine;
1281 3617 1315 3668 et
1336 3603 1485 3681 verbum,

298 3705 367 3781 151
411 3707 500 3793 quod
517 3708 598 3772 dixit
619 3721 677 3774 tua
699 3714 765 3774 vis:
789 3712 911 3788 „Fuisti
927 3715 1004 3778 mihi
1025 3715 1140 3780 dextra
1156 3739 1289 3782 servans
1305 3740 1357 3782 me
1378 3731 1413 3781 et
1427 3717 1485 3782 ad·

409 3823 526 3886 iuvans
549 3823 629 3898 me‚”
654 3827 761 3912 ipsum
784 3828 904 3890 iterum
927 3833 977 3892 es't
998 3829 1146 3907 verbum,
1172 3830 1262 3915 quod
1286 3830 1368 3895 dixit
1390 3855 1485 3902 πιστις

410 3947 523 4025 sopra:
547 3936 653 4002 iactus
677 3953 727 4003 est
748 3938 859 4004 lumen
883 3946 1029 4006 exomni
1050 3958 1146 4030 parte
1168 3945 1246 4008 mihi
1270 3958 1302 4008 et
1325 3943 1484 4009 adiuvans
1512 3971 1540 4012 a·

409 4073 479 4129 me3
504 4065 537 4116 et
551 4051 699 4130 verbum,
723 4054 813 4140 quod
828 4068 887 4120 tua
900 4058 950 4121 vis
966 4055 1096 4120 luminis
1113 4056 1208 4122 dixit:
1232 4075 1485 4146 ‚mavrar'pu-

410 4177 545 4252 grantes
575 4180 691 4234 contra
724 4190 793 4246 me,
825 4183 858 4235 et
886 4169 977 4236 haud
1011 4171 1266 4260 apparuerunt,”
1296 4175 1406 4262 ipsum
1434 4183 1486 4237 est

491 4399 543 4463 27.
566 4403 685 4468 domine
707 4407 772 4487 (lux
792 4409 843 4488 P.)
905 4411 957 4473 30.
981 4411 1073 4474 frctus
1095 4425 1142 4476 est
1166 4413 1274 4492 (sactus
1296 4434 1328 4476 es
1349 4413 1401 4494 P.)
