3254 5340
167 679 222 725 mc
246 679 266 722 a
287 655 408 743 laqueo
423 667 630 720 ¹venatorum
653 667 686 720 et
709 653 795 720 dicto
819 655 913 723 deuo.
958 657 1067 724 Faciet
1092 659 1245 728 umbram

168 771 228 836 tibi
251 770 293 835 ad
317 784 413 833 tuum
436 781 561 856 pectus,
585 782 618 832 et
640 768 783 834 confides
808 770 868 836 sub
892 776 960 836 eius
985 773 1052 838 alis.
1089 775 1170 839 Eius
1187 799 1243 840 ve·

168 889 248 951 ritas
278 881 495 948 circumdabit
521 896 554 946 te
585 885 668 946 sicut
697 887 801 960 ὁπλον,
828 908 896 949 non
925 887 1053 950 timebis
1084 900 1245 954 terrorem

168 1001 283 1073 noctis,
308 1010 341 1060 et
363 998 513 1082 sagittam
529 995 696 1060 volantem
718 996 859 1061 interdiu
883 1010 916 1062 et
936 1021 1007 1062 rem
1022 1001 1244 1069 arnbulantem

128 1137 142 1175 s
169 1114 204 1176 in
227 1110 370 1196 caligine,
395 1131 435 1172 ex
456 1129 534 1172 casu
557 1107 705 1190 δωιμονιου
728 1111 812 1173 hora
825 1111 980 1175 meridiei.
1025 1114 1111 1178 Mille
1128 1115 1244 1180 cadent

170 1225 211 1289 ad
235 1227 400 1288 sinistram
421 1221 481 1285 tibi
504 1235 537 1284 et
560 1224 681 1308 mynias
706 1222 746 1287 ad
771 1223 919 1287 dextram
942 1223 1010 1300 tibi,
1033 1226 1121 1290 baud
1138 1229 1168 1292 cla
1185 1229 1242 1292 ad·
1286 1227 1356 1297 142

167 1335 438 1425 propinquabunt
459 1334 533 1413 tibi3
557 1349 635 1409 πλην
659 1336 928 1424 contemplaberis
952 1361 1017 1414 eos,
1046 1339 1169 1404 videbis
1191 1365 1243 1406 rc-

168 1451 381 1515 tributionem
404 1463 624 1537 peccatorum,
648 1450 738 1536 quod
761 1464 806 1525 tu,
831 1451 971 1526 domine,
995 1474 1028 1516 es
1052 1475 1126 1517 mea
1149 1468 1242 1526 ελπις.

169 1563 313 1628 Posuisti
336 1563 392 1626 tibi
417 1563 579 1628 excelsum
594 1563 703 1626 locum
719 1563 843 1650 refugii.
881 1565 1015 1628 Nullum
1038 1567 1160 1630 malum
1184 1567 1242 1632 ad·

113 1703 142 1744 ro
168 1677 403 1765 propinquabit
417 1676 485 1753 tibi,
508 1676 599 1740 nulla
621 1675 747 1764 μιστιγξ
771 1677 1048 1764 adpropinquabit
1069 1692 1127 1742 tuo
1150 1681 1242 1744 habi·
1311 1761 1312 1764 Ἴ

166 1791 287 1868 iaculo,
312 1791 403 1878 quod·
423 1788 598 1876 imperabit
621 1793 687 1853 suis
712 1802 855 1875 ωγγελοις
878 1790 918 1854 dc
942 1803 983 1866 te,
1007 1805 1044 1855 ut
1059 1793 1243 1857 costodiunt

166 1919 200 1970 te
223 1909 258 1968 in
279 1907 344 1969 tuis
368 1907 428 1968 viis
445 1902 606 1978 omnibus,
628 1917 668 1975 ut
690 1918 823 1990 portent
844 1917 877 1968 tc
902 1926 999 1991 super
1023 1927 1097 1970 suas
1115 1929 1241 1984 manus,

167 2033 207 2082 ut
232 2041 275 2082 ne
302 2021 461 2104 impingas
491 2016 534 2081 ad
560 2016 704 2104 lapidem
731 2031 827 2081 tuum
849 2017 982 2104 pedcm3
1013 2022 1187 2083 constituet
1208 2034 1242 2085 tc

171 2153 270 2218 super
293 2145 475 2217 serpentem
494 2145 527 2194 et
541 2129 737 2207 basiliscum,
761 2131 963 2195 conculcabis
979 2133 1107 2196 leonem
1123 2147 1156 2196 et
1171 2131 1242 2217 dpa-

1 2285 3 2321 2
115 2265 144 2304 rs
171 2270 276 2320 κοντα,
304 2244 392 2330 quod
421 2244 555 2309 credidit
581 2244 674 2319 mihi,
706 2245 843 2308 servabo
868 2267 957 2320 eum,
980 2244 1065 2309 dabo
1090 2245 1243 2312 umbram

170 2361 215 2435 ei,
239 2357 328 2444 quod
350 2361 442 2422 novit
462 2379 574 2422 meum
597 2379 726 2421 nomen.
776 2357 938 2422 Clamabit
960 2381 1091 2423 sursum
1114 2359 1156 2423 ad
1179 2383 1242 2437 me,

168 2483 201 2536 et
224 2495 283 2559 ego
307 2472 439 2536 audiam
462 2494 547 2535 eum.
592 2471 659 2536 Ero
685 2493 759 2534 cum
783 2495 821 2536 eo
845 2477 880 2536 in
903 2496 962 2537 sua
986 2471 1087 2559 θλιψει
1119 2487 1152 2537 ct
1175 2496 1241 2538 ser-

167 2585 252 2652 vabo
283 2609 373 2662 eum,
406 2583 492 2650 dabo
523 2585 659 2670 gloriam
689 2589 731 2660 ei,
762 2585 984 2650 abundantem
1007 2609 1082 2664 eum
1104 2586 1242 2662 reddam

167 2699 278 2763 multis
303 2698 431 2774 diebus,
463 2698 587 2762 docebo
617 2721 693 2762 eum
722 2722 830 2762 meam
859 2699 1024 2764 salutem.’'
1070 2700 1159 2764 Haec
1183 2714 1241 2777 est,

114 2832 142 2874 ao
167 2816 215 2878 mi
238 2811 378 2888 domine,
402 2812 521 2876 solutio
545 2811 732 2888 verborum,
756 2835 840 2897 quae
864 2813 980 2876 dixisti.
1025 2812 1111 2876 Audi
1134 2817 1240 2898 igitur,

167 2925 275 2990 dicam
299 2946 337 2989 ea
359 2927 393 2987 in
415 2927 571 3013 πωῤῥησιφ.
616 2924 765 2989 Verbum
787 2921 901 3011 igitur,
926 2924 1016 3009 quod
1039 2937 1097 2986 tua
1118 2929 1168 2988 vis
1193 2925 1240 2988 di·

166 3043 216 3106 xit
238 3061 298 3126 per
319 3037 500 3102 Davidem:
516 3038 695 3114 „flabitans
720 3037 780 3101 sub
808 3037 928 3124 danista
956 3037 1072 3113 excelsi
1096 3040 1157 3099 crit
1180 3035 1240 3100 sub

166 3152 285 3217 umbra
308 3151 359 3216 dei
384 3151 489 3228 caeli‚’'
514 3151 604 3236 quod
628 3164 677 3216 est
699 3152 776 3215 hoc:
809 3172 910 3236 quum
939 3160 1037 3236 σοφια
1064 3149 1242 3214 confideret

166 3266 291 3341 lumini,
314 3266 378 3330 luit
399 3265 460 3331 sub
483 3265 605 3328 lumine
634 3265 790 3354 απορροιας
811 3265 956 3340 luminis,
988 3285 1071 3348 quac
1103 3265 1179 3326 exiit
1207 3265 1242 3326 in
1316 3257 1318 3259 ¹

115 3399 143 3439 aa
171 3379 339 3444 altitudine
363 3402 403 3444 ex
424 3393 467 3454 te,
492 3393 525 3443 ct
546 3379 694 3454 verbum,
725 3378 814 3465 quod
838 3392 896 3442 tua
918 3380 967 3441 vis
992 3377 1072 3441 dixit
1093 3399 1152 3465 per
1175 3377 1240 3440 Da·

168 3491 294 3558 videm:
318 3492 444 3568 „dicam
461 3492 604 3568 domino,
627 3507 724 3570 tues,
750 3497 804 3579 qui
820 3496 935 3580 recipit
949 3515 1001 3556 me
1018 3491 1060 3556 ad
1077 3514 1119 3568 se,
1143 3505 1241 3578 atque

166 3629 261 3672 meus
283 3606 375 3672 locus
390 3607 507 3692 refugii
523 3629 615 3672 meus
634 3607 723 3684 deus,
746 3607 887 3674 conlisus
904 3629 977 3672 sum
993 3607 1048 3684 ei,”
1071 3609 1180 3694 ipsum
1193 3618 1243 3670 est

166 3719 316 3796 verbum,
340 3720 431 3806 quod
453 3725 695 3804 intercertans
717 3732 829 3809 copta:
852 3737 951 3799 tues,
975 3725 1031 3808 qui
1054 3724 1169 3808 recipit
1189 3741 1242 3784 me
1283 3721 1355 3794 113

171 3833 214 3896 ad
237 3855 281 3908 se,
304 3848 337 3897 et
358 3837 455 3898 venio
480 3834 522 3898 ad
544 3848 587 3898 te.
624 3836 668 3900 Et
689 3859 803 3900 rursus
826 3835 974 3910 verbum,
999 3833 1087 3918 quod
1110 3847 1169 3894 tua
1191 3834 1241 3894 vis

118 3966 145 4006 ao
174 3942 269 4007 dixit:
294 3949 358 4020 „mi
381 3947 470 4024 deus,
494 3948 591 4012 credo
615 3949 682 4024 tibi,
706 3962 745 4011 tu
768 3947 910 4012 servabis
934 3967 986 4009 me
1010 3967 1030 4006 a
1052 3945 1169 4026 laqueo
1185 3963 1242 4004 ve·

170 4070 327 4120 natorum
351 4071 448 4144 atque
472 4085 490 4124 a
513 4061 599 4125 dicto
625 4061 736 4136 duro‚”
760 4064 867 4147 ipsum
892 4072 949 4134 est,
974 4054 1065 4141 quod
1080 4054 1160 4117 dixit
1175 4080 1242 4118 πισ-

169 4196 213 4243 rte
232 4179 345 4259 repta:
367 4171 487 4252 lumen,
512 4174 608 4240 credo
631 4174 700 4249 tibi,
724 4171 813 4260 quod
836 4184 874 4234 tu
897 4193 930 4234 es
952 4169 1168 4233 liberaturum
1190 4189 1244 4235 mc

252 4309 303 4369 1³.
332 4322 366 4370 ut
386 4333 425 4371 ne
448 4315 595 4392 (μηποτε).
679 4310 730 4371 13.
760 4309 925 4372 constituet
945 4319 978 4370 te
1001 4307 1172 4388 (adscendet
1193 4307 1244 4386 P.)

169 4405 219 4468 17.
242 4409 305 4472 Ero
326 4410 414 4491 (Sum
439 4411 490 4492 P.)
