3296 5354
947 461 990 526 64

433 643 506 710 dico
536 644 643 710 vobis:
675 639 836 708 intrabitis
864 642 955 730 prius
985 641 1019 704 in
1046 659 1184 726 regnum
1212 635 1379 703 caelorum
1408 660 1509 727 quam

433 785 552 845 copam
575 779 689 834 omnes
713 769 746 822 et
773 756 817 821 dii
845 775 959 820 omnes
989 767 1088 840 atque
1117 777 1259 836 coxerant
1290 773 1420 829 omnes,
1452 756 1509 838 qui

433 874 565 936 suntin
589 868 713 936 decimo
742 872 840 935 tertio
871 895 950 935 arou
979 879 1013 933 et
1039 869 1074 932 in
1101 864 1296 931 duodecimo
1327 893 1418 942 orave,
1447 887 1508 931 vos

433 983 465 1054 du
493 1008 562 1050 non
589 984 665 1060 soli,
697 985 768 1050 αλλ’
795 983 1020 1068 unusquisque
1049 983 1164 1057 etiam,
1203 983 1259 1066 qui
1289 979 1404 1045 fecerit
1434 1002 1510 1044 msa

431 1125 591 1186 μυστηρωι.
635 1097 724 1162 Haec
748 1094 778 1162 dc
802 1119 905 1182 quum
927 1095 1057 1160 locutus
1088 1107 1189 1171 esset,
1220 1093 1301 1159 dixit
1328 1097 1382 1158 iis:
1412 1119 1539 1170 coactus

434 1212 602 1300 quomodo
626 1209 797 1276 vobiscum
818 1208 958 1295 loquar?
1002 1207 1177 1274 Prosiliens
1199 1210 1319 1272 iterum
1339 1207 1508 1285 Maribam,

434 1325 527 1390 dixit:
556 1327 686 1412 utiquc,
711 1323 857 1398 domine,
879 1323 942 1386 hoc
966 1335 1029 1399 est,
1054 1321 1144 1408 quod
1166 1320 1391 1386 dixisti'nobis
1416 1321 1508 1386 olim:

432 1439 566 1504 ultimos
589 1437 720 1502 futuros
744 1459 812 1501 csse
834 1439 959 1523 primos
991 1449 1024 1500 et
1052 1438 1176 1522 primos
1205 1434 1335 1500 futuros
1364 1456 1435 1500 esse
1457 1435 1508 1498 ul·

432 1556 540 1618 timos.
591 1551 693 1616 Primi
719 1553 833 1637 igitur,
862 1571 945 1637 quos
976 1561 1193 1636 procrearunt
1225 1562 1301 1613 ante
1324 1570 1401 1625 nos,
1432 1561 1511 1614 sunt

434 1694 566 1752 soporos,
590 1663 686 1740 natta
708 1667 762 1728 isti
785 1662 920 1729 fuerunt
942 1677 1017 1728 ante
1040 1685 1141 1750 genus
1170 1662 1368 1739 humanum,
1398 1665 1452 1727 isti
1474 1677 1509 1728 et
1536 1688 1560 1728 u

434 1781 478 1846 dii
501 1794 534 1846 et
557 1804 713 1866 αρχοντες,
743 1791 776 1842 ct
797 1777 961 1853 homines,
990 1780 1047 1864 qui
1070 1779 1245 1865 suscipient
1265 1801 1429 1864 μυστηρια,
1458 1781 1509 1842 in·

432 1895 569 1962 trahunt
590 1897 681 1982 prius
704 1895 739 1958 in
760 1913 899 1980 reguum
922 1890 1097 1956 caelorum.
1142 1889 1233 1954 Dixit
1255 1893 1284 1955 ei
1306 1889 1410 1956 lesus:
1439 1917 1511 1977 ευγι

433 2009 602 2076 Maribam.

521 2121 663 2208 Pergens
695 2120 800 2186 adhuc
830 2119 920 2186 Iesus
956 2121 1038 2185 dixit
1073 2122 1138 2186 suis
1169 2117 1332 2200 μαθηταιςε
1369 2119 1511 2184 Factum

431 2237 529 2321 igitur
552 2247 611 2310 cst,
635 2257 737 2319 quum
759 2235 951 2322 protulisset
972 2257 1095 2300 nonam
1108 2259 1266 2320 μετανοιαν
1286 2261 1380 2304 τιστις
1399 2243 1508 2320 codic,
1539 2257 1562 2298 u

434 2347 549 2412 afflixit
570 2349 691 2410 iterum
714 2369 787 2411 eam
808 2350 858 2412 vis
882 2369 958 2412 eum
988 2347 1070 2412 facie
1092 2348 1209 2425 leonis,
1240 2347 1354 2414 volens
1377 2347 1511 2414 auferre

432 2464 500 2526 vim
529 2481 660 2526 omnem
689 2463 726 2525 ei.
777 2460 983 2526 Exclamavit
1014 2483 1129 2526 rursus
1162 2484 1294 2526 sursum
1324 2460 1367 2527 ad
1396 2461 1513 2527 lumen

332 2568 382 2642 99
433 2574 557 2640 dicens:
587 2575 712 2652 lumen,
743 2577 794 2638 cui
817 2599 978 2640 crearem
999 2573 1075 2639 inde
1099 2574 1141 2639 ab
1163 2578 1270 2651 initio,
1295 2579 1386 2640 cuius
1410 2597 1512 2642 causa

403 2713 405 2716 ·
433 2691 560 2775 suscepi
582 2687 643 2752 hos
666 2710 802 2775 magnos
826 2685 971 2764 dolores,
995 2687 1091 2766 βοηθει
1113 2688 1201 2753 mihi.
1246 2688 1291 2754 Et
1313 2703 1512 2777 acceperunt

433 2801 475 2867 ab
499 2823 538 2868 ea
560 2824 655 2867 suam
676 2827 835 2887 peraratas
857 2802 920 2867 hoc
942 2815 1100 2890 tempore.
1143 2802 1323 2868 Exaudivit
1345 2825 1417 2868 cem
1438 2806 1509 2891 pri·
1538 2827 1563 2867 n

431 2939 524 2982 mum
546 2943 712 3002 μυστηριον,
745 2929 778 2981 et
804 2919 965 2982 miseruut
991 2938 1044 2981 me
1074 2917 1107 3004 (i.
1125 2936 1152 2981 e.
1180 2919 1297 2981 missus
1322 2917 1407 3002 sum)
1436 2920 1509 2982 eius

431 3047 581 3107 κιλιυσεις
603 3033 680 3096 veni
703 3029 746 3095 ad
768 3029 989 3096 adiuvandam
1012 3052 1094 3108 eam,
1123 3030 1201 3095 duxi
1224 3051 1297 3095 eam
1320 3053 1451 3096 sursum
1472 3033 1510 3094 iu

432 3143 528 3222 chao,
557 3143 646 3230 quod
668 3171 868 3230 εμετανοησεν,
894 3157 927 3210 et
948 3157 1123 3232 propterea
1146 3144 1236 3232 quod
1252 3171 1440 3211 πιστευσωσα
1456 3143 1508 3208 lu·

431 3259 526 3334 mini,
550 3261 693 3346 suscepit
713 3258 774 3324 hos
797 3281 934 3346 magnos
958 3256 1088 3322 dolores
1112 3259 1227 3324 ethos
1251 3281 1387 3347 magnos
1410 3257 1506 3324 κινδν·

432 3397 511 3447 soor,
543 3383 576 3433 et
598 3370 734 3458 decepta
757 3384 806 3436 est
835 3370 877 3435 ab
908 3369 1029 3438 solata
1061 3369 1140 3448 deo,
1171 3393 1277 3459 neque
1298 3372 1507 3459 ,deceperunt
1536 3397 1561 3438 ss

432 3503 506 3545 eam
520 3503 579 3568 per
595 3483 776 3568 quidquam
791 3481 889 3560 aliud,
912 3512 935 3550 o
949 3511 1021 3570 μητι
1044 3507 1103 3573 per
1119 3483 1244 3570 luvapo
1258 3485 1389 3550 luminis
1403 3507 1506 3574 prop-

430 3605 482 3658 ter
511 3592 754 3660 similitudinem
779 3596 926 3674 luminis,
963 3601 1014 3662 cui
1048 3625 1223 3666 επιστιυσεν.
1273 3599 1414 3687 Propter
1443 3599 1506 3663 hoc

363 3727 405 3794 χ
429 3707 529 3793 igitur
551 3708 669 3772 missus
698 3730 772 3773 sum
799 3722 934 3776 κελευσει
962 3715 1058 3798 primi
1087 3737 1249 3801 μυστηριου
1278 3713 1321 3778 ad
1348 3713 1504 3778 adiuvan-

431 3819 509 3886 dam
531 3842 605 3887 eam
627 3822 661 3886 in
684 3823 822 3888 occulto.
860 3824 1015 3892 Nondum
1037 3823 1069 3894 dr
1091 3849 1247 3892 veneram
1268 3829 1302 3891 in
1326 3854 1411 3892 roro
1432 3855 1503 3894 ωιω-

429 3962 481 4002 νων
510 3937 657 4013 omniuo,
691 3947 781 4002 atta
809 3940 884 4004 veni
912 3959 973 4027 per
1000 3939 1125 4005 medios
1158 3962 1215 4006 eos
1245 3963 1375 4018 omnes,
1406 3939 1502 4004 nullis
1531 3964 1558 4004 ao

428 4049 552 4116 viribus
598 4052 687 4126 sciis,
725 4073 832 4139 neque
870 4052 958 4140 (corr)
999 4052 1078 4130 illis,
1114 4077 1198 4141 quae
1240 4053 1427 4143 (pertinent)
1462 4051 1506 4119 ad

512 4190 541 4250 Β.
571 4193 625 4251 Ev.
654 4193 760 4253 llattlr.
789 4195 840 4271 20,
864 4195 912 4256 16.
940 4195 977 4254 cf.
1003 4195 1051 4272 19,
1068 4197 1117 4256 30.
1151 4199 1241 4258 Marc.
1272 4198 1320 4273 10,
1339 4197 1389 4257 31.
1427 4197 1502 4256 Luc.

429 4287 479 4364 13,
494 4288 544 4348 31.
586 4291 636 4351 23.
652 4317 846 4370 εμιτανοητεν,
869 4307 899 4356 el
914 4299 1123 4374 (εμιτανοησεν,
1145 4309 1233 4378 atque
1248 4298 1336 4359 eliam
1358 4298 1409 4376 P.)
1450 4297 1503 4358 Ἡ.

427 4382 588 4463 scudomor,
612 4401 642 4450 ct
664 4391 811 4470 (deleatur
831 4395 909 4472 „et”
932 4394 980 4471 P.)
