3296 5354
682 447 726 516 ³7

162 647 260 698 tuum
281 654 418 716 πνιυμα,
446 627 538 716 quod
559 649 698 694 meeum.
741 627 829 696 Audi
851 632 958 719 igitur,
980 629 1098 720 loquar
1121 631 1162 700 de
1183 658 1240 721 μ..

162 773 281 836 raveto,
312 766 413 833 quam
437 741 519 808 dixit
540 767 635 814 τιστις
661 751 759 833 rodco
789 744 897 811 dicens
929 767 1026 811 suum
1054 762 1240 835 peccatam,
1290 737 1341 814 53

163 875 197 926 et
219 882 305 948 quae
327 859 415 924 faeta
438 870 516 922 sunt
537 859 567 922 ei
590 860 714 935 omnia,
743 880 828 945 quae
849 873 909 924 tua
929 861 980 926 vis
1002 859 1134 927 lmuinis
1157 889 1240 950 επρο-

163 983 296 1062 omme
319 973 359 1038 de
382 994 422 1038 ea
443 985 594 1059 tempore
618 973 672 1059 (so.
694 971 764 1058 illo)
792 994 852 1061 per
874 973 1049 1052 Davidem,
1079 983 1239 1064 προφηην,

118 1113 134 1151 s
161 1092 198 1154 in
220 1091 419 1176 sexagesimo
443 1099 562 1152 octavo
584 1085 716 1150 Psalmo
732 1083 904 1174 (ψαλμῳν
928 1087 1043 1164 „Deus
1064 1109 1159 1154 serva
1174 1111 1238 1168 me,

161 1227 240 1268 narn
262 1224 368 1290 aquae
390 1213 553 1268 venerunt
572 1202 660 1266 intra
686 1222 793 1288 usque
821 1200 865 1265 ad
891 1223 1000 1266 meam
1020 1198 1140 1291 dom.
1184 1202 1237 1268 In-

162 1315 247 1382 fixus
271 1339 345 1380 sum
368 1328 426 1379 aut
447 1318 620 1379 immersus
648 1317 682 1378 in
710 1337 850 1380 coenum
878 1315 1003 1404 abyssi,
1032 1337 1139 1402 neque
1167 1329 1239 1381 erat

162 1431 243 1494 mihi
264 1433 324 1494 vis.
355 1427 439 1494 Veni
461 1431 495 1491 in
516 1427 683 1516 profunda
705 1426 876 1507 θαλασσηςς
899 1429 1044 1517 procella
1067 1428 1239 1495 devoravit

162 1565 227 1608 me.
277 1542 376 1608 Dolui
403 1541 562 1626 clamans,
591 1556 704 1631 guttur
726 1565 838 1608 meum
860 1543 954 1621 abiit3
984 1542 1069 1609 oouli
1091 1547 1157 1608 mei
1180 1542 1237 1610 de·

103 1683 136 1724 ro
163 1657 326 1733 iecerunt,
355 1669 499 1745 ponente
526 1678 580 1722 me
610 1677 667 1723 cor
694 1679 806 1722 meum
835 1660 870 1721 in
899 1656 971 1722 deo.
1015 1656 1130 1722 Plures
1160 1670 1237 1722 sunt

161 1793 263 1858 quam
285 1771 392 1860 capilli
414 1773 480 1835 mei
503 1773 617 1859 capitis
639 1771 683 1848 hi,
707 1774 762 1859 qui
792 1769 934 1835 oderunt
955 1791 1008 1834 me
1031 1772 1100 1836 sine
1128 1792 1237 1836 causa.

159 1885 373 1950 Invaluerunt
393 1888 460 1950 mei
480 1885 591 1950 hostes
616 1882 763 1955 ὃιωκοντες
784 1907 838 1950 me
857 1886 985 1950 iniuria
1029 1883 1124 1967 Quae
1145 1883 1237 1950 haud

160 2002 258 2086 rapui
283 2001 338 2076 iis,
368 2001 534 2088 petierunt
561 2023 582 2064 a
604 2021 666 2064 me.
711 1998 817 2075 Deus,
850 2011 889 2062 tu
910 2000 1031 2081 novisti
1053 2021 1163 2064 meam
1184 2002 1234 2063 in·

163 2115 360 2200 eripiendam,
384 2127 417 2178 et
438 2135 512 2178 mea
534 2127 668 2202 peccata
690 2112 779 2178 haud
803 2112 907 2178 celata
929 2125 1006 2180 sunt
1026 2125 1069 2177 te.
1114 2111 1162 2178 Ne
1185 2111 1235 2178 af·

105 2253 135 2312 ¹.³
163 2225 298 2291 ficiunto
321 2226 447 2315 pudore
468 2241 606 2316 propter
627 2250 680 2293 me
700 2230 890 2314 ὑπομενοντες
912 2239 960 2304 te,
984 2225 1131 2303 domine,
1153 2225 1234 2292 deus

160 2340 304 2416 Israelis,
329 2339 407 2408 deus
430 2345 549 2406 virium
572 2355 709 2430 propter
731 2355 765 2408 te
788 2345 926 2406 sustinui
947 2343 1145 2418 irrisionem3
1171 2360 1235 2428 pu·

161 2455 222 2522 dor
246 2455 371 2521 obtexit
391 2477 502 2520 meam
523 2455 649 2520 faciem.
692 2454 812 2522 Factus
841 2477 914 2522 sum
941 2457 1130 2543 peregrinus
1153 2457 1234 2519 meis

160 2569 332 2648 iratribus,
354 2572 544 2658 peregrinus
567 2569 640 2634 filiis
662 2591 755 2636 meae
778 2573 907 2648 matris3
939 2568 1029 2657 quod
1051 2568 1163 2635 fervor
1184 2569 1235 2632 tui

160 2683 333 2751 devoravit
354 2707 417 2749 me.
462 2683 620 2749 Ludibrio
648 2684 852 2750 irridentium
879 2684 959 2748 mihi
988 2681 1174 2748 cecideruut
1199 2685 1235 2748 in

104 2825 134 2866 w
160 2822 223 2865 me.
267 2799 358 2864 Flexi
379 2819 490 2863 meam
511 2794 622 2886 ψυχην
643 2801 678 2863 in
700 2824 825 2885 νηστειᾳ,
851 2797 939 2862 facta
960 2796 1040 2860 mihi
1063 2799 1168 2862 estin
1189 2799 1234 2862 ir·

160 2917 325 2979 risionem.
374 2911 469 2977 Indui
492 2934 638 2991 saecum,
666 2911 772 2977 faetus
800 2933 875 2976 sum
901 2913 940 2976 iis
962 2909 1144 2996 παραβολης
1179 2931 1235 2976 su·

163 3027 326 3092 stulerunt
346 3047 463 3092 vocem
492 3049 586 3092 suam
614 3026 692 3114 (scii
716 3023 915 3110 cavillantes)
942 3027 978 3088 in
1003 3044 1057 3087 me
1085 3021 1234 3088 sedentes

160 3144 197 3206 in
219 3152 344 3216 πυλωις,
381 3152 414 3204 et
440 3137 583 3229 «ψωλλον
612 3144 647 3206 in
675 3163 729 3206 me
754 3138 903 3204 bibentes
927 3141 1048 3204 vinum.
1100 3137 1171 3223 Ego
1202 3132 1236 3202 dr

161 3253 320 3344 precabar
342 3257 376 3318 in
403 3277 478 3320 mea
499 3253 596 3346 ψυχῃ
624 3277 756 3321 sursum
778 3253 822 3318 ad
847 3267 895 3330 te,
927 3252 1073 3330 domine3
1102 3264 1234 3338 tempus
1284 3243 1336 3320 54

107 3395 135 3436 se
162 3383 241 3434 tuae
267 3369 446 3434 voluntatis
477 3383 526 3435 est
556 3369 646 3436 deus.
698 3369 736 3434 In
765 3371 859 3458 copia
887 3365 1129 3433 misericordiae
1156 3379 1235 3431 tuae

162 3483 239 3549 audi
266 3487 301 3548 in
329 3506 438 3549 meam
469 3484 609 3550 salutem
637 3487 672 3548 in
700 3487 854 3561 veritate,
883 3482 987 3548 libera
1015 3503 1069 3547 me
1100 3479 1141 3546 ab
1171 3480 1235 3546 hoo

159 3598 246 3677 luto,
279 3621 358 3666 nam
380 3597 500 3663 infixus
532 3621 605 3664 sum
635 3601 743 3664 ineo.
795 3597 977 3663 Liberabor
1007 3595 1048 3661 ab
1079 3595 1143 3673 his,
1178 3597 1236 3682 qui

161 3712 303 3779 oderunt
330 3736 399 3790 me,
431 3726 464 3778 et
491 3735 511 3777 a
537 3712 763 3801 profunditate
792 3735 961 3800 aquarum.
1014 3711 1062 3778 Ne
1090 3710 1235 3798 procella

162 3849 268 3912 aquae
291 3827 449 3892 devorato
472 3850 540 3906 me;
563 3850 605 3892 ne
628 3828 766 3916 abyssus
790 3825 948 3893 devorato
968 3847 1037 3903 me3
1059 3846 1102 3890 ne
1116 3835 1235 3911 puteus

107 3968 136 4009 so
162 3953 274 4006 teneto
300 3960 336 4004 os
366 3963 462 4007 suum
489 3945 524 4007 in
550 3963 613 4008 me.
663 3941 750 4007 Audi
776 3964 846 4018 me,
877 3940 1021 4014 domine,
1053 3938 1081 4002 si
1105 3957 1236 4023 mrsu

245 4099 297 4161 15.
320 4099 440 4164 domine
466 4104 545 4183 (add.
572 4103 691 4164 domine
716 4103 840 4178 virium,
866 4121 905 4161 ue
932 4097 1047 4180 pudore
1071 4094 1237 4156 afficiantur

159 4213 286 4284 propter
307 4222 355 4263 me
376 4216 552 4284 quaerentes
574 4215 620 4281 te,
645 4203 765 4264 domine
786 4201 836 4278 P.)
879 4199 930 4260 18.
952 4197 1053 4259 servor
1072 4197 1118 4257 tui
1139 4195 1236 4275 (zelus

161 4301 265 4364 domus
288 4315 356 4365 tuae
377 4304 428 4382 Ρ.)
476 4305 525 4366 19.
547 4304 619 4366 mihi
641 4303 712 4384 (tibi
733 4303 782 4380 Ρ.)
828 4297 879 4361 27.
901 4319 969 4359 nam
990 4297 1094 4359 infixus
1117 4319 1181 4358 sum
1204 4297 1234 4358 in

162 4424 199 4464 eo
221 4405 273 4486 (ne
295 4404 401 4490 infigar
422 4406 454 4466 in
477 4425 514 4468 eo
535 4406 585 4486 Ρ.)
627 4403 678 4466 29.
700 4423 792 4486 aquae
812 4401 953 4464 devorato
972 4398 1174 4484 (submergito
1188 4396 1238 4475 P.)
