3240 5328
948 479 1015 546 20⁸

446 683 553 730 serere
574 659 692 752 ψυχων
713 659 844 738 talium,
874 657 965 748 quod
987 683 1149 742 mouerat
1171 661 1271 723 etiam
1292 669 1353 723 tua
1374 683 1525 742 μυσηριι

447 777 603 853 dieuco,
635 789 667 842 et
694 801 874 849 excessurae
896 776 935 838 iis
963 795 1055 849 vere,
1087 784 1120 838 et
1151 771 1240 858 quod
1271 795 1338 837 non
1369 783 1466 836 erant
1490 776 1523 836 in

446 895 609 966 decurro,
632 890 694 965 fac,
719 889 864 964 domine,
889 886 931 952 da
953 889 991 952 iis
1015 886 1178 966 ductario
1201 899 1260 950 tua
1284 885 1469 975 ιγαθοσυνῃ,
1491 899 1521 949 et
1543 889 1547 896 '

448 1004 489 1070 da
513 1008 551 1070 iis
574 1006 721 1091 requIem
744 1005 860 1067 intua
881 999 1112 1065 misericordia.
1152 999 1242 1064 Haec
1266 1021 1369 1085 quum
1393 997 1522 1062 dixisset

447 1119 558 1193 Maria,
582 1143 762 1199 ruaxapmv
785 1139 858 1180 eam
881 1141 973 1198 σωτηρ
991 1135 1088 1200 quam
1107 1115 1246 1176 maxime
1261 1124 1399 1200 propter
1415 1110 1520 1187 verba,
1548 1135 1557 1172 s

333 1226 408 1299 332
449 1253 531 1317 qnae
562 1230 656 1304 dixit,
687 1243 720 1293 et
743 1228 806 1292 suit
827 1231 861 1291 in
889 1251 1006 1314 magna
1036 1225 1257 1292 misericordia
1285 1253 1379 1310 σωτηρ
1417 1223 1521 1288 dicens

447 1345 582 1409 Mariae:
610 1340 797 1406 bominibus
829 1342 981 1406 omnibus
1014 1341 1133 1405 suturis
1156 1342 1190 1403 in
1213 1340 1274 1403 boe
1297 1365 1398 1425 πιπῳ,
1426 1359 1524 1424 quem

448 1457 571 1531 dixisti,
607 1482 647 1520 m
675 1455 861 1520 viventibus
889 1455 965 1521 date
991 1481 1149 1539 μυστηριον
1178 1456 1274 1518 unius
1304 1476 1321 1518 e
1352 1452 1524 1518 duodecim

448 1569 634 1635 nominibus
657 1593 797 1634 τωαιιιων
817 1569 968 1652 deserere<
992 1569 1133 1654 caliginis
1151 1581 1313 1638 externae,
1337 1587 1422 1651 quae
1439 1565 1523 1630 dabo

448 1684 559 1758 vobis,
596 1705 698 1768 quum
726 1685 792 1746 iam
818 1681 912 1748 vobis
942 1683 1126 1770 explicuero
1155 1685 1344 1746 universum
1376 1679 1453 1743 inde
1485 1678 1524 1742 ab
1549 1707 1564 1744 e

448 1800 576 1862 interno
606 1795 647 1860 ad
671 1810 842 1862 externum
872 1810 906 1860 et
934 1795 1009 1860 inde
1040 1794 1081 1858 ab
1113 1809 1247 1859 externo
1280 1793 1322 1858 ad
1351 1797 1526 1868 internum,

450 1925 484 1976 ct
506 1912 652 1976 homines
677 1933 790 1974 omnes
816 1911 977 1998 reperturi
1001 1936 1157 1991 uwrxpov
1180 1911 1276 1972 unius
1306 1930 1323 1972 e
1353 1906 1528 1971 duodecim

449 2023 636 2089 nominibus
661 2023 813 2104 epotam<
836 2025 920 2088 illius
950 2024 1091 2110 caliginis
1120 2035 1287 2098 externae,
1317 2032 1351 2086 et
1377 2021 1527 2085 homines

450 2159 579 2212 omnes,
609 2165 665 2201 xcv
689 2141 754 2202 sint
775 2151 962 2225 peccatores
985 2136 1081 2201 valde
1105 2151 1138 2200 et
1161 2139 1352 2223 accipientes
1374 2161 1529 2215 pomata

449 2249 580 2314 luminis
604 2253 711 2336 prius,
734 2251 870 2337 posthac
893 2251 1077 2327 πρεβησαν,
1101 2263 1249 2315 autnon
1272 2249 1407 2313 fecerint
1431 2248 1564 2334 quid-n

450 2385 549 2449 quam
574 2389 733 2446 μυπηριιυ
757 2367 906 2441 omnino,
930 2365 978 2440 bi,
1003 2387 1106 2450 quum
1128 2363 1328 2428 absolverint
1351 2385 1430 2427 suos
1455 2391 1526 2428 κυκ-

449 2489 521 2543 λουε
551 2479 585 2540 in
614 2477 822 2558 μετιβολαις,
860 2491 893 2542 ct
922 2475 955 2542 hi
990 2477 1072 2542 tales
1106 2481 1224 2564 egressi
1255 2480 1318 2541 sint
1349 2499 1366 2541 e
1406 2503 1527 2556 σωμιτι

449 2590 540 2655 baud
561 2616 793 2668 mravonoarrrr
815 2594 935 2655 iterum
959 2603 991 2656 et
1015 2594 1190 2678 acciperint
1211 2605 1359 2666 asserio,
1386 2613 1472 2678 quac
1493 2595 1528 2653 in

451 2702 559 2767 medio
584 2703 716 2783 δρακοντι
740 2703 882 2790 caliginis
906 2718 1073 2780 externae,
1104 2718 1136 2770 et
1158 2707 1374 2770 remanserint
1395 2707 1432 2767 in
1455 2733 1527 2769 κυι-

449 2829 527 2892 λοιι,
558 2820 774 2882 remanserint
800 2820 835 2882 in
862 2833 1022 2884 κολασεσιν
1049 2822 1083 2882 in
1113 2818 1221 2883 medio
1252 2819 1399 2899 δρακοντι,
1432 2831 1468 2882 et
1495 2818 1565 2881 bis

450 2934 603 2996 noverint
625 2958 781 3015 μυπηριον
804 2934 900 2996 unius
925 2955 942 2998 c
965 2931 1138 2997 duodecim
1166 2930 1351 2996 nominibus
1375 2945 1527 3016 αγγελω,

452 3048 508 3132 qui
532 3049 649 3110 vivunt
671 3057 704 3110 et
725 3059 899 3110 versantur
921 3048 955 3110 in
983 3073 1104 3130 κοσμῳ,
1135 3059 1168 3110 et
1199 3049 1225 3110 si
1253 3045 1394 3110 dixerint
1422 3066 1528 3110 unum

448 3181 571 3223 nomen
594 3180 710 3223 eorum
732 3173 899 3224 versantes
922 3161 956 3222 in
985 3159 1099 3224 mediis
1128 3173 1274 3227 κολασεσι
1293 3159 1450 3245 dracmas
1477 3171 1528 3223 to·

448 3274 514 3338 tius
538 3275 583 3360 (in
606 3295 707 3360 marg.
731 3285 764 3338 et
784 3273 882 3349 bora,
907 3294 972 3359 qua
995 3273 1136 3338 dixerint
1158 3286 1318 3340 σαλευιται
1337 3272 1455 3358 doum
1477 3287 1528 3338 to·

449 3387 525 3470 tus),
550 3399 583 3451 et
604 3385 816 3474 perturbatur
832 3409 931 3473 quam
947 3391 1102 3464 maxime,
1126 3399 1225 3474 etque
1241 3413 1385 3473 ταμιειου,
1407 3389 1445 3451 ἱιι
1462 3409 1526 3474 quo
1549 3413 1566 3450 a
1599 3439 1600 3455 ,

335 3495 409 3568 333
450 3511 528 3561 sunt
549 3499 660 3582 ψυχαι
684 3501 854 3564 bominum
876 3500 1021 3578 illorum,
1051 3503 1119 3566 eius
1142 3505 1263 3566 ostium
1284 3503 1430 3588 aperitur
1454 3525 1528 3565 ver-
1599 3465 1600 3551 b

440 3619 505 3674 'sus
529 3609 669 3686 caelum,
701 3625 734 3675 et
757 3625 806 3676 est
829 3639 932 3694 αρχων
951 3641 1096 3695 sauream,
1124 3617 1247 3702 inquo
1278 3628 1355 3678 sunt
1377 3615 1528 3680 homines

447 3723 508 3801 illi,
543 3736 577 3788 et
599 3725 685 3787 eiicit
705 3721 821 3810 ψυχας
849 3725 1019 3792 bominum
1047 3728 1180 3793 illorum
1208 3751 1225 3793 e
1254 3728 1363 3794 medio
1392 3727 1529 3810 doaxom

449 3839 592 3927 caliginis
616 3851 778 3916 externae,
803 3837 892 3926 quod
914 3845 1110 3908 invenerunt
1125 3867 1282 3929 μυττηριον
1297 3845 1440 3906 nominis
1457 3841 1530 3924 dpa-

448 3977 554 4031 xrme,
578 3966 611 4017 et
633 3974 737 4039 quum
760 3980 863 4036 αρχων
886 3958 1014 4020 eiecerit
1035 3953 1161 4042 sbrxae,
1185 3970 1313 4042 αγγιλοι
1333 3955 1404 4032 leri,
1428 3959 1530 4044 primi
1552 3979 1572 4018 x
1598 3993 1599 3998 κ

447 4065 597 4144 bominis,
614 4069 671 4153 qui
686 4067 876 4134 custodiunt
890 4093 1020 4155 τιμιιιον
1034 4069 1098 4134 1οοί
1112 4069 1207 4146 iilius,
1226 4067 1388 4156 σπουὸιζιι
1404 4072 1531 4144 statim,

531 4303 559 4365 4.
586 4307 667 4370 naec
687 4309 783 4388 (Haec
803 4311 899 4394 igitur
919 4310 967 4388 P.)
1024 4309 1076 4371 31.
1105 4335 1226 4382 ταμιειον
1247 4314 1363 4389 (ramis
1384 4310 1434 4389 P.)
1468 4311 1532 4373 Le-

448 4403 578 4490 gendum
601 4405 725 4470 sortasse
747 4409 778 4470 io
799 4421 884 4471 textu
904 4413 1076 4472 narrabor
1090 4443 1125 4460 -
1137 4431 1197 4471 nas
1212 4431 1247 4471 er
1268 4412 1287 4472 i.
1299 4430 1324 4473 e.
1346 4419 1482 4490 αγγελκ
1496 4441 1532 4459 -
1597 4453 1598 4468 κ
