3296 5354
941 454 986 522 46

424 627 461 705 in
484 638 580 715 chao,
613 647 713 724 atque
739 625 889 700 nundum
915 645 1051 706 κιλωσις
1071 645 1208 700 venerat
1234 633 1315 700 mibi
1344 631 1376 699 a'
1392 636 1500 723 primo

425 779 592 841 μυστηριῳ,
621 763 661 814 ut
684 770 849 816 servarem
872 771 945 815 eam
967 752 1002 814 in
1025 748 1115 814 chao.
1160 748 1299 814 Factum
1320 751 1419 835 igitur
1442 762 1501 826 est,

426 890 529 956 quum
561 863 742 952 affligerent
771 886 845 928 eam
879 863 1030 951 πρσβσλωι
1066 883 1178 928 omnes
1213 865 1319 928 ὑλικαιι
1346 859 1503 938 aelatus,

426 982 621 1048 exclamavit
643 978 751 1044 dicem
777 981 924 1064 quintam
945 1001 1104 1063 μετανοιαν
1121 977 1244 1042 dicens:
1267 976 1395 1041 Lmnen
1409 998 1502 1042 meae

428 1098 557 1172 salutis,
592 1097 712 1181 ύμνευω
738 1092 796 1157 tibi
825 1095 861 1156 iu
889 1117 971 1179 τοπῳ
1000 1091 1179 1156 altitudinis
1210 1103 1308 1177 atque
1340 1091 1439 1156 etiam
1467 1094 1541 1156 ins

427 1211 524 1286 cha03
547 1211 685 1293 ύμνιυσω
714 1205 774 1271 eibi
802 1209 837 1271 iu
865 1227 940 1271 meo
968 1208 1071 1292 ὑμνῳ,
1103 1227 1201 1291 quem
1228 1208 1366 1288 ύμνευσα.
1388 1204 1447 1268 tibi
1468 1208 1503 1268 in

427 1323 607 1400 altitudine,
631 1335 664 1387 et
687 1343 786 1407 quem
808 1323 926 1404 ὑμνιυω
948 1319 1008 1384 tibi
1030 1341 1165 1385 versans
1188 1322 1223 1383 in
1246 1318 1336 1384 chao.
1382 1318 1501 1383 Venite

386 1439 389 1448 ⁴
427 1459 540 1504 eoram
561 1451 605 1502 te.
648 1435 694 1502 Et
716 1438 863 1500 animum
884 1447 987 1511 verte,
1010 1433 1131 1510 lumen,
1155 1433 1197 1498 ad
1212 1455 1321 1498 meam
1335 1459 1501 1516 μιτηνοιειν,

326 1554 375 1627 68
427 1551 518 1639 quod
540 1553 679 1616 mauvis
702 1549 838 1636 impleta
861 1561 911 1613 est
933 1548 1077 1634 ealigine,
1101 1561 1135 1613 et
1155 1569 1268 1612 meum
1290 1547 1402 1611 lumen
1424 1546 1503 1611 abiit

425 1670 459 1731 in
483 1667 591 1730 cbaos.
640 1665 742 1729 Facta
765 1687 838 1729 sum
865 1685 925 1750 ego
950 1684 1083 1749 quoque
1111 1664 1193 1726 sicut
1222 1686 1364 1747 αρχοντες
1393 1660 1500 1738 chaus,
1527 1683 1552 1722 n

427 1785 484 1868 qui
504 1791 668 1846 venerunt
688 1782 723 1842 in
744 1776 896 1842 tenebras
912 1775 1065 1840 infernas.
1103 1775 1204 1840 Facta
1221 1797 1295 1840 sum
1311 1779 1396 1840 sicut
1409 1802 1502 1858 σωμιι

425 1899 544 1972 dianes,
580 1897 631 1958 eui
668 1892 777 1957 nullus
807 1905 856 1956 est
887 1904 1078 1956 servaturus
1108 1893 1142 1955 in
1173 1888 1351 1954 altitudine.
1403 1888 1502 1954 Facta

427 2033 501 2074 sum
524 2012 623 2073 etiam
647 2010 730 2071 sicut
751 2010 842 2081 ὑλαι,
872 2004 991 2092 quibus
1014 2004 1180 2070 abstrdere
1203 2026 1297 2069 suam
1318 2007 1402 2080 vim,
1424 2026 1501 2091 pro-

425 2125 528 2187 iectae
551 2124 584 2184 in
608 2121 721 2195 chaos,
755 2141 835 2206 quas
859 2111 1109 2184 baud'servasti
1133 2133 1231 2205 atque
1252 2122 1421 2207 perierunt
1442 2132 1500 2183 tuo

427 2247 561 2298 statuto.
605 2234 698 2298 Nunc
720 2235 818 2318 igitur
846 2247 1030 2320 posuerunt
1056 2255 1108 2298 me
1136 2236 1171 2296 in
1201 2233 1336 2320 caligine
1364 2231 1499 2308 inferna,
1527 2254 1552 2294 u

425 2351 461 2413 in
490 2347 632 2412 tenebris
663 2360 761 2431 atque
790 2349 882 2416 tate
912 2351 1051 2411 mortuis
1082 2361 1115 2412 et
1149 2347 1240 2412 nulla
1273 2349 1308 2412 vi
1337 2346 1501 2435 praeditis.

425 2461 565 2527 Intulisti
586 2474 683 2525 tuum
706 2473 867 2526 statutum
895 2463 931 2524 in
961 2483 1015 2526 me
1044 2474 1144 2546 atque
1173 2483 1226 2526 res
1258 2483 1389 2538 omnes,
1420 2483 1502 2547 quas

427 2577 581 2652 statuisti,
606 2587 640 2638 et
661 2587 757 2638 tuum
780 2601 901 2658 πνευμει
923 2573 1049 2662 fugiens
1068 2574 1164 2662 liquit
1178 2597 1240 2641 me.
1277 2573 1387 2661 Atque
1404 2578 1503 2639 etiam

425 2712 486 2778 per
515 2702 611 2754 tuum
640 2702 801 2753 statutum
833 2688 923 2753 baud
955 2689 1116 2763 adortique
1145 2689 1225 2752 mibi
1258 2689 1408 2772 προβολαι
1437 2692 1503 2754 mei

426 2829 540 2880 αιωνος,
576 2817 609 2868 et
632 2802 708 2868 odio
731 2803 918 2867 habuerunt
939 2825 993 2868 me
1016 2816 1050 2868 et
1077 2802 1306 2868 abstinuerunt
1333 2826 1367 2869 se
1396 2827 1416 2868 a
1437 2825 1501 2880 me,
1527 2823 1553 2864 ι

426 2931 526 3004 atque
550 2920 649 2982 etiam
671 2916 760 2982 baud
782 2918 930 3006 perditus
954 2939 1028 2982 sum
1041 2920 1187 3006 penitus,
1212 2931 1246 2982 et
1264 2939 1376 2982 meum
1390 2917 1504 2982 lumen
1642 2901 1643 2906 ἵ

425 3031 624 3096 diminutum
646 3035 681 3096 in
708 3054 769 3097 me.
814 3030 923 3119 Atque
953 3033 1132 3098 exclamavi
1162 3053 1293 3096 sursum
1320 3030 1363 3096 ad
1389 3032 1503 3096 lumen

424 3147 460 3210 in
482 3145 604 3211 lumine
629 3160 709 3223 toto,
733 3145 823 3232 quod
844 3149 879 3210 in
901 3168 964 3222 me,
980 3159 1088 3260 atque
1110 3145 1250 3233 expandi
1272 3169 1363 3211 meas
1383 3167 1502 3210 manus

426 3281 558 3324 sursum
573 3259 617 3323 ad
631 3271 674 3324 te.
711 3260 805 3324 Nune
825 3261 933 3346 igitur,
961 3260 1082 3336 lumen,
1107 3283 1188 3324 niun
1203 3265 1274 3346 (μη)
1291 3260 1502 3326 absoluturus

426 3394 460 3437 es
475 3385 573 3437 tuum
596 3386 758 3436 statutum
779 3375 814 3436 in
836 3372 938 3438 chao?
963 3387 996 3437 et
1017 3372 1209 3439 liberatores
1232 3361 1398 3440 venientes
1418 3399 1502 3440 aare
1528 3395 1553 3434 as

424 3497 522 3549 tuum
537 3497 712 3561 statutum,
735 3507 816 3549 num
832 3490 904 3568 (μη)
920 3499 1054 3573 surgent
1076 3489 1110 3552 in
1133 3489 1276 3576 ealigine,
1299 3502 1338 3552 ut
1358 3491 1501 3564 veniant,

423 3608 463 3661 ut
483 3595 671 3681 μαθητιυωσι
693 3597 782 3676 tibi?
797 3621 878 3663 num
894 3603 964 3684 (μη)
988 3601 1096 3666 dicent
1116 3629 1274 3690 μυστηριον
1289 3604 1338 3667 tui
1360 3605 1501 3667 nominis

423 3712 459 3775 in
481 3709 584 3774 chao?
626 3711 714 3776 Num
736 3710 845 3776 dicent
865 3725 962 3778 tuum
984 3737 1106 3782 nomeu
1127 3719 1162 3780 in
1176 3719 1235 3808 ύλῃ
1252 3715 1361 3794 chaus,
1383 3719 1417 3780 in
1433 3737 1500 3803 quo

423 3847 492 3891 nou
513 3825 690 3890 illustrabis
713 3825 816 3890 illud?
848 3849 908 3914 ego
931 3824 963 3894 δε
981 3831 1099 3915 ύμνευω
1121 3829 1195 3906 tibi,
1226 3831 1346 3908 lumen,
1371 3844 1404 3896 et
1426 3852 1502 3894 mea

422 3965 568 4025 μεταναιω
598 3941 820 4028 apprehendet
851 3953 886 4008 te
922 3965 1055 4009 sursum
1088 3946 1123 4007 in
1155 3943 1334 4009 altitudine.
1387 3944 1499 4009 Tuum
1526 3963 1553 4004 ss

422 4052 535 4121 ltunen
558 4058 767 4143 supervenito
787 4057 822 4120 in
840 4077 903 4134 me,
928 4057 1019 4144 quod
1040 4055 1248 4124 abstrderunt
1261 4079 1374 4123 merim
1387 4057 1501 4123 lumen

422 4168 517 4245 mihi,
551 4181 650 4256 atque
680 4191 755 4235 sum
786 4173 822 4236 in
855 4175 1018 4238 aerumnis
1054 4185 1192 4262 propter
1220 4171 1333 4238 lumen
1372 4171 1448 4238 iude
1479 4193 1501 4237 a

506 4393 555 4458 17⁶
581 4409 670 4481 atque
697 4421 745 4464 res
772 4403 849 4483 (add
871 4404 960 4466 etiam
981 4403 1031 4483 Ρ.)
