3254 5340
923 459 989 528 140

421 655 624 733 quapropter
647 644 746 710 ctiam
769 639 956 708 disciderint
979 661 1013 706 se
1035 636 1238 706 reddiderint
1260 659 1295 705 se
1309 639 1417 706 varim
1439 665 1500 708 ee·

419 756 491 850 ξεις,
524 781 609 844 quae
630 761 720 846 ipsae
744 778 876 844 quoque
899 767 977 821 sunt
1000 781 1151 842 αχωρητοι
1175 769 1209 819 et
1230 781 1387 840 rerepente
1410 766 1498 830 sunt,

421 886 455 938 et
485 886 687 959 quapropter
716 871 858 952 erpennio
894 892 935 934 ex
965 893 1136 955 ωπατορωνς
1168 882 1203 933 et
1229 895 1387 953 pompm
1415 866 1499 933 illud

421 991 595 1074 cognoscit,
619 998 820 1073 quapropter
835 997 1003 1048 σκυλλουσι
1026 1005 1059 1049 te
1076 1010 1230 1067 eatpartot
1246 997 1281 1047 et
1295 996 1499 1070 quapropter

421 1104 594 1167 statuerint
621 1122 655 1164 se
684 1101 857 1164 existentes
881 1097 1053 1162 duodecim
1081 1123 1258 1182 χωρημωτσ.
1283 1123 1437 1184 exspem
1463 1109 1499 1160 et
1537 1118 1550 1157 s

419 1216 591 1300 posuerint
613 1235 646 1276 se
675 1216 848 1276 existentes
874 1225 942 1276 tres
969 1209 1068 1299 ταξεις
1091 1237 1275 1294 >coemeras
1299 1214 1371 1276 κατ’
1390 1237 1497 1276 ocurr-

419 1353 495 1413 μιαν
517 1329 614 1390 unius
638 1325 848 1412 eiusdemque
867 1325 1052 1402 ineffabilis,
1076 1339 1109 1388 et
1132 1337 1333 1413 quapropter
1355 1323 1499 1408 προηλθω

420 1463 461 1506 ex
477 1463 641 1524 αητορωνς
665 1453 700 1504 et
712 1467 869 1524 pompm
884 1439 965 1504 illud
984 1443 1157 1526 cognoscit,
1182 1453 1384 1527 quapropter
1399 1451 1498 1504 σκυλ-

419 1567 507 1620 >teon
531 1576 565 1618 se
589 1553 761 1617 duodecim
790 1581 955 1633 ωχωρητοι,
984 1553 1031 1630 hi,
1062 1557 1119 1639 qui
1147 1557 1310 1639 pertinent
1333 1553 1375 1617 ad
1397 1549 1499 1639 τωξεις

306 1662 381 1734 222
419 1671 517 1733 unius
541 1667 752 1753 eiusdemque
775 1667 965 1744 lneffabilis‚
989 1681 1022 1732 et
1044 1691 1144 1753 quam
1167 1671 1272 1755 ipsam
1296 1666 1339 1731 ob
1362 1689 1497 1730 causam
1525 1689 1548 1728 re

419 1783 561 1869 προηλθον
585 1805 625 1847 ex
648 1809 812 1865 αητορων,
842 1803 946 1867 usque
971 1781 1050 1845 dum
1074 1781 1227 1846 duxerint
1249 1803 1283 1846 se
1307 1803 1440 1868 quoque
1463 1783 1498 1844 in

418 1925 554 1984 χωρημα
577 1899 674 1982 primi
697 1923 874 1978 permeato,
906 1894 994 1982 quod
1022 1895 1109 1960 idem
1140 1909 1190 1960 est
1220 1895 1399 1960 secundum
1428 1921 1498 1978 χω-

331 2093 334 2100 ,
418 2037 518 2100 pensu
553 2025 587 2076 et
608 2037 764 2097 μνστηριον
787 2007 868 2074 illud
891 2013 1071 2096 cognoscit,
1103 2023 1304 2097 quapropter
1325 2022 1497 2076 σκυλλουσι

421 2147 455 2190 se
478 2128 591 2212 viginti
616 2139 758 2211 quatuor
776 2123 939 2211 myriades
962 2127 1120 2208 ύμνευτων,
1144 2137 1178 2188 et
1200 2147 1299 2210 quam
1321 2126 1428 2208 ipsam
1452 2121 1496 2187 oh

420 2261 552 2302 causam
576 2240 799 2301 emanaverint
822 2251 914 2302 extra
938 2265 1170 2316 nevernense
1197 2240 1295 2323 primi
1322 2265 1495 2322 μυστηριιυ,
1522 2259 1544 2299 n

419 2352 508 2440 quod
532 2351 618 2416 idem
642 2363 692 2415 est
718 2355 881 2438 geminum
905 2378 1061 2432 μυστηριον
1084 2354 1180 2416 unius
1208 2351 1419 2438 eiusdemque
1443 2350 1496 2414 ln·

421 2467 572 2541 effabilis,
601 2467 852 2549 introspicientis
876 2478 910 2529 et
935 2469 1175 2552 prospicientis,
1205 2480 1238 2530 et
1265 2489 1365 2553 quam
1389 2468 1497 2551 ipsam

420 2580 463 2645 ob
487 2603 619 2644 causam
643 2579 782 2662 προηλθον
805 2599 845 2644 ex
868 2603 1024 2667 arercpur3
1048 2594 1082 2645 et
1102 2607 1258 2664 pomptus·
1273 2581 1354 2645 illud
1374 2603 1496 2668 eogno-

420 2696 494 2770 scit,
518 2707 719 2780 quapropter
742 2707 910 2760 σκυλλουσι
934 2717 967 2759 se
990 2721 1141 2777 αχωρητοι
1165 2717 1294 2772 omnes,
1322 2717 1405 2781 quos
1429 2697 1495 2758 iam

419 2807 486 2871 dixi
509 2807 612 2882 vobis,
638 2808 671 2871 hi
697 2810 752 2894 qui
775 2810 809 2872 in
831 2835 926 2876 τοποις
950 2808 1082 2873 secundi
1104 2837 1286 2894 χωρηματις
1307 2808 1492 2884 lneffabilis,
1519 2831 1543 2872 ι

419 2922 510 3008 quod
532 2925 639 3007 ipsum
663 2937 713 2987 est
739 2950 874 3006 χωρημω
903 2925 998 3008 primi
1025 2951 1200 3006 pompeo,
1231 2937 1265 2989 et
1293 2937 1495 3010 quapropter

418 3063 567 3120 αχωρητιι
590 3037 636 3101 illi
659 3051 693 3102 et
715 3064 869 3119 creparent
891 3037 936 3101 illi
960 3037 1098 3120 προῆλθον
1121 3061 1161 3104 ex
1178 3059 1341 3126 excrepuit
1365 3051 1399 3102 et
1413 3065 1494 3118 μυσ·

417 3177 508 3234 ηραν
537 3150 618 3216 illud
649 3155 829 3240 cognoscit,
870 3165 1070 3238 quapropter
1106 3166 1274 3219 σκυλλουσι
1310 3175 1345 3218 se
1380 3155 1494 3238 viginti

419 3279 562 3351 quatuor
584 3293 734 3349 μυσπριοι
761 3269 858 3352 primi
886 3293 1108 3350 τριπευμιτιυ,
1146 3281 1179 3332 et
1207 3280 1408 3354 quapropter
1435 3289 1493 3352 ap·

417 3379 540 3464 pellent
567 3402 604 3444 ea
633 3383 746 3466 viginti
770 3393 914 3467 quatuor
939 3407 1118 3465 χωρημωτσ.
1144 3385 1240 3467 primi
1268 3407 1492 3467 sperantem,
1519 3404 1543 3445 rs

419 3503 453 3554 et
476 3507 678 3576 quapropter
705 3496 844 3572 προῆλθον
872 3517 890 3560 e
920 3495 1063 3560 secundo
1093 3521 1312 3584 τριτνευματῳς
1350 3509 1384 3561 et
1411 3523 1493 3577 μυσ-

417 3628 508 3680 reem
544 3603 624 3668 illud
658 3610 838 3692 cognoscit,
876 3623 1077 3696 quapropter
1110 3623 1277 3676 σκυλλουσι
1311 3633 1345 3674 se
1378 3613 1494 3697 viginti

303 3715 378 3788 293
419 3731 562 3803 quatuor
583 3745 733 3802 μυστηρωι
756 3721 888 3786 secundi
911 3749 1125 3810 rpawipanu
1144 3738 1177 3789 et
1199 3738 1402 3812 quapropter
1423 3751 1493 3806 τρι-

416 3835 503 3908 ηλθον
531 3855 550 3898 e
575 3837 672 3900 tertio
701 3861 922 3925 speretuparspt
961 3851 994 3902 et
1024 3865 1180 3924 μυστηριεν
1207 3839 1290 3904 illud
1318 3843 1493 3927 cognoscit,

419 3963 621 4037 quapropter
648 3965 818 4020 σκυλλιυσι
849 3975 884 4018 se
913 3955 1027 4040 viginti
1058 3967 1200 4040 quatuor
1224 3981 1375 4040 pompae
1404 3957 1493 4018 tertii
1519 3978 1544 4018 re

480 4113 508 4170 1.
523 4111 591 4171 Del.
606 4113 737 4187 „etiam”
752 4113 784 4173 P.
829 4109 857 4172 4.
873 4123 1030 4173 mvnere
1046 4117 1180 4193 (εσκυλον
1193 4116 1242 4190 Ρ.)
1285 4115 1314 4175 9.
1334 4126 1492 4174 waucort

417 4213 552 4288 (ισκυλον
566 4212 615 4288 Ρ.)
656 4213 706 4272 13.
720 4223 875 4273 σκυλλουσι
887 4217 1020 4291 (seauton
1031 4216 1080 4293 P.)
1122 4217 1172 4275 19.
1185 4225 1342 4274 σκυλλουσι
1357 4223 1493 4290 (ermino

416 4309 467 4385 Ρ.)
509 4309 560 4369 23.
582 4323 739 4374 σκυλλουσι
763 4320 897 4395 (sennan
918 4317 968 4395 P.)
1015 4315 1066 4376 25.
1087 4315 1239 4398 appellent
1263 4314 1494 4397 (appellaverint

416 4407 467 4486 P.)
508 4407 560 4470 27.
583 4421 740 4474 σκυλλουσι
761 4417 897 4496 (senemr
916 4417 965 4495 Ρ.)
1006 4417 1057 4479 30.
1079 4427 1236 4480 mancum
1257 4420 1391 4498 (ισκυλον
1411 4417 1464 4495 P.)
