3254 5340
380 617 493 708 ψυχην
514 614 626 682 fratris
648 613 750 694 illius3
780 623 815 682 et
837 615 863 680 si
890 611 981 680 baud
1002 610 1116 680 secuit
1138 609 1273 701 dignum
1294 636 1464 698 μυπιριιις

381 731 530 809 luminis,
566 744 600 796 et
621 729 735 796 fecerit
760 729 937 814 ταραβασιν
959 741 994 792 et
1020 741 1154 816 peccata
1178 728 1328 815 quaevis,
1361 739 1463 812 atque

384 849 483 914 etiam
505 844 683 934 posthaec
707 864 883 910 conversus
907 843 1006 908 fuerit
1033 843 1068 906 in
1094 864 1215 928 magna
1235 867 1395 930 μπανοιφ,
1430 853 1463 905 et

383 959 521 1050 αποτιιξῃ
540 985 648 1046 κοσμῳ
670 961 746 1034 toti,
772 971 806 1022 et
828 957 988 1022 destiterit
1011 979 1031 1020 a
1052 958 1193 1041 peccatis
1217 953 1369 1020 omnibus
1392 979 1462 1020 aav-

384 1101 456 1163 μου,
478 1087 517 1138 ut
540 1075 647 1138 aciatis
671 1083 830 1148 accurate,
854 1093 930 1136 eum
951 1091 1020 1135 non
1034 1073 1201 1153 ύποιιρινιιν,
1225 1081 1315 1135 eaba
1331 1067 1461 1154 diligere
1495 1095 1505 1132 ι

386 1188 485 1253 deum
514 1189 548 1250 in
578 1183 720 1273 αληθιιφ,
754 1187 934 1250 convertite
969 1205 1030 1249 vos
1064 1185 1202 1259 iterum,
1238 1185 1396 1248 remittite
1426 1185 1462 1258 ei,

386 1299 561 1364 transferte
586 1321 662 1364 eum
684 1301 787 1374 intus,
821 1297 897 1364 date
922 1300 951 1362 ei
978 1297 1157 1364 secundum
1178 1323 1335 1381 μυσπριον
1357 1299 1393 1359 in
1414 1317 1463 1360 se·

269 1396 344 1473 267
385 1411 493 1478 cundo
516 1438 679 1496 χωρηματι
701 1414 799 1500 primi
821 1438 991 1498 μυστηριου,
1019 1411 1157 1476 forsitan
1178 1409 1384 1476 lucrabimini
1399 1407 1462 1493 do-

384 1553 445 1613 χην
469 1525 578 1591 fratris
601 1527 703 1602 illius,
734 1539 773 1590 ut
794 1541 997 1617 κληρονομηᾳ
1019 1547 1159 1612 regnum
1187 1525 1334 1600 luminis;
1366 1537 1464 1610 atque

387 1644 486 1708 etiam
510 1644 536 1706 si
558 1639 649 1705 haud
672 1639 786 1704 fecerit
808 1638 942 1727 dignum
971 1665 1158 1722 μυστηριοις,
1189 1651 1280 1706 em
1303 1637 1405 1702 fuerit
1431 1641 1464 1700 in
1486 1663 1505 1702 ιι

385 1756 563 1840 nepotiana
586 1768 620 1819 et
645 1756 786 1842 peccatis
811 1753 993 1840 quibusvis,
1024 1767 1124 1840 atque
1152 1755 1250 1818 etiam
1278 1764 1356 1840 post
1384 1750 1464 1816 haec

388 1891 565 1934 conversus
593 1868 693 1934 fuerit
719 1871 753 1933 in
779 1890 898 1955 magna
926 1893 1084 1956 μετανοιφ,
1115 1865 1252 1958 ιτοτωξῃ
1273 1893 1381 1953 saepo
1404 1868 1465 1930 toti

388 1997 422 2051 et
442 1987 503 2075 ὕλῃ
527 1985 630 2060 omni,
654 1985 795 2070 quaein
818 2005 866 2059 eo,
895 1994 929 2046 et
950 1981 1110 2047 destiterit
1132 2004 1152 2045 a
1174 1983 1313 2069 peccatis
1336 2007 1465 2060 κισμιυ,
1577 1956 1590 2047 Ι

385 2109 426 2164 ut
448 2099 555 2161 sciatis
579 2096 703 2173 αληθωι,
728 2119 803 2162 eum
826 2119 894 2160 non
915 2099 1080 2178 beaupont,
1104 2109 1195 2161 ωλλα
1211 2094 1342 2182 diligere
1366 2092 1466 2161 deum

386 2233 474 2286 vere,
498 2213 677 2274 convertite
700 2232 760 2274 vos
783 2213 913 2287 iterum,
935 2213 1090 2275 remittite
1114 2213 1143 2275 ei
1166 2212 1212 2296 (in
1235 2233 1334 2296 marg.
1360 2223 1395 2274 et
1410 2231 1462 2273 ac·
1486 2233 1505 2274 n

315 2399 325 2416 ἧ
389 2324 514 2410 cipiatis
538 2321 580 2388 ab
604 2343 643 2386 eo
667 2344 762 2386 suam
783 2323 964 2407 μετωνοιαν),
996 2323 1085 2410 quod
1108 2327 1291 2389 misericors
1314 2326 1394 2388 mite
1418 2337 1467 2388 est

387 2440 533 2526 primum
555 2463 725 2522 μυπκριοι,
749 2435 924 2501 transferte
939 2440 1061 2502 iterum
1080 2437 1247 2502 hominem
1261 2438 1353 2502 illum
1367 2440 1466 2514 intus,

390 2548 465 2616 date
489 2554 519 2615 ei
541 2554 605 2615 tria
626 2577 779 2636 μυπκρισ,
800 2553 893 2614 iuxta
916 2573 950 2616 se
977 2553 1129 2628 invicem,
1158 2573 1243 2639 quae
1265 2551 1465 2616 insecundo
1581 2582 1593 2749 Ι

386 2690 550 2750 χωρημιιτι
572 2665 669 2751 primi
695 2691 869 2750 μυστηριιυ.
915 2665 949 2730 Si
975 2665 1076 2730 homo
1105 2666 1158 2730 ille
1186 2667 1327 2756 rapadq,
1360 2679 1399 2730 ut
1426 2669 1468 2731 sit

386 2779 423 2842 in
445 2780 584 2861 peccatis
601 2777 780 2863 quibusvis,
803 2801 871 2844 non
892 2782 1065 2844 remittetis
1088 2783 1117 2844 ei
1139 2779 1214 2844 inde
1237 2779 1359 2846 abhoc
1383 2795 1466 2844 tem·
1489 2805 1508 2846 a

389 2913 481 2981 pore,
505 2893 572 2958 ουδ’
588 2896 749 2980 accipietis
773 2892 814 2958 ab
838 2915 878 2958 co
903 2916 977 2958 suas
999 2921 1169 2981 μετωνοιας,
1192 2895 1265 2961 αλλ’
1284 2907 1354 2959 esto
1378 2893 1467 2983 apud

391 3029 450 3072 vos
474 3009 512 3078 ὡς
529 3008 700 3074 exardebat
723 3020 756 3071 et
778 3011 816 3078 ὠς
834 3007 1024 3092 repedante.
1066 3011 1164 3090 Ἀμην
1182 3035 1243 3094 γαρ
1264 3006 1334 3072 dico
1357 3009 1468 3073 vobis:
1584 3028 1589 3059 ³

387 3123 452 3186 tria
473 3147 626 3207 μυστηρια
655 3120 711 3185 illa
734 3134 831 3186 erunt
854 3124 882 3186 ei
904 3134 1004 3187 testes
1029 3120 1069 3186 de
1092 3122 1209 3187 ultima
1232 3145 1291 3187 sua
1311 3149 1468 3210 μιταιοιφ,

388 3255 496 3322 neque
521 3249 570 3300 est
598 3238 628 3300 ei
650 3262 795 3322 μιτιινοιι
825 3235 899 3301 inde
929 3235 970 3300 ab
998 3236 1061 3300 hoc
1089 3249 1247 3325 tempore.
1290 3240 1388 3316 ’Δμην
1408 3264 1468 3322 γαρ

275 3340 350 3415 268
390 3346 463 3412 dico
486 3348 594 3427 vobis,
624 3350 749 3414 homini
777 3350 912 3415 illinon
936 3352 1045 3415 estiis
1072 3350 1260 3437 reprobatio
1290 3373 1368 3416 suae
1397 3354 1466 3416 ani·
1490 3370 1512 3411 ι

389 3484 463 3526 mac
486 3465 521 3526 in
543 3489 671 3544 κοσμον,
703 3467 815 3548 quiin
837 3464 1022 3540 altitudine,
1052 3464 1128 3529 inde
1159 3465 1200 3530 ab
1223 3465 1285 3530 hoc
1307 3479 1469 3553 tempore,
1597 3482 1601 3535 i

391 3573 465 3640 αλλ’
487 3577 549 3638 erit
575 3578 610 3638 in
637 3574 829 3640 habitaculis
859 3575 1012 3655 δρωκοντος
1039 3579 1182 3664 caliginis
1211 3593 1372 3644 externae.
1418 3581 1470 3646 De
1597 3566 1601 3603 ¹

389 3681 518 3773 duxere
537 3712 598 3774 γαρ
620 3688 740 3752 horum
758 3689 994 3767 hominnm,ita
1010 3707 1275 3780 comparatorum
1292 3694 1357 3758 dixi
1372 3694 1471 3760 vobis
1595 3606 1604 3807 Ι

390 3799 470 3867 olim
491 3803 525 3866 in
548 3803 714 3895 παραβιλῃ
737 3802 860 3870 dicens:
885 3809 911 3871 si
934 3820 1011 3872 tuus
1034 3807 1136 3872 frater
1158 3810 1341 3895 peccaverit
1366 3811 1402 3873 in
1426 3823 1471 3886 te,

390 3919 517 4005 corripe
540 3938 617 3984 eum
639 3921 723 3984 inter
746 3933 848 3985 temet
870 3922 979 4009 ipsum
1001 3944 1158 4008 eumque3
1189 3925 1216 3987 si
1239 3921 1403 3988 audiverit
1426 3937 1471 4000 te,
1496 3942 1520 3983 aa

388 4027 535 4097 lucratus
558 4032 658 4100 fueris
681 4047 777 4098 tuum
800 4033 952 4112 iratrem;
977 4039 1003 4100 si
1020 4035 1109 4101 haud
1126 4035 1287 4102 audiverit
1307 4051 1350 4115 tc,
1374 4060 1472 4105 sume

390 4155 501 4211 tecum
524 4146 633 4214 alium.
680 4147 716 4214 Si
738 4148 829 4214 haud
850 4149 1012 4218 audiverit
1032 4163 1067 4217 te
1090 4165 1124 4218 et
1151 4151 1266 4230 alium,
1298 4151 1362 4218 duo
1390 4175 1473 4219 eum

472 4378 502 4439 4.
524 4381 575 4442 12.
597 4382 730 4472 αποταξῃ
751 4384 946 4474 (morafiam
967 4387 1016 4467 P.)
