3248 5350
945 483 988 540 v1

517 673 681 759 Equidem
704 695 807 760 quum
831 677 938 762 operis
961 673 1056 738 huius
1082 697 1100 737 a
1123 673 1276 756 Mauritio
1299 672 1508 738 Schwartzio

430 821 532 886 quam
567 801 808 863 accuratissime
841 795 994 883 descripti
1031 811 1064 861 et
1098 797 1198 862 latine
1233 796 1352 861 redditi
1386 795 1511 862 edendi

430 944 566 1010 operam
593 944 647 986 me
675 922 861 986 subiturum
891 922 1078 1010 pollicerer,
1108 920 1256 987 nondum
1287 941 1400 986 omnes
1428 941 1510 1006 per-

430 1067 600 1133 spexeram
629 1044 854 1122 difficultates,
892 1067 975 1131 quae
1006 1045 1107 1110 talem
1134 1043 1282 1110 laborem
1312 1043 1511 1133 impediunt.

428 1169 639 1257 Experientia
662 1172 748 1233 enim
770 1168 905 1234 edoctus
929 1168 1084 1245 sciebam,
1109 1182 1232 1254 quanta
1255 1167 1427 1233 sedulitate
1451 1168 1511 1233 ille

431 1307 479 1370 et,
513 1307 552 1356 ut
580 1296 628 1358 ita
656 1292 775 1369 dicam,
807 1293 946 1380 ακρεβειῳ
976 1296 1011 1356 in
1042 1291 1192 1356 omnibus
1230 1305 1315 1356 esset
1343 1305 1510 1356 versatus.

429 1417 556 1499 Quare,
586 1440 689 1503 qumn
715 1416 836 1481 librum
859 1415 995 1504 abipso
1020 1415 1219 1504 descriptum
1241 1415 1512 1501 translatumque

428 1543 629 1629 inspicerem,
652 1544 759 1630 primo
784 1541 955 1606 oculorum
978 1539 1098 1605 obtutu
1115 1540 1283 1628 putabam,
1305 1540 1386 1602 mibi
1407 1561 1510 1626 prae-

321 1737 325 1746 „
428 1678 480 1731 ter
501 1664 664 1730 voeabula
687 1665 868 1732 dirimenda
895 1667 1025 1729 nonnisi
1053 1667 1245 1730 correctoris
1268 1685 1368 1750 quem
1390 1662 1512 1729 dicunt

428 1803 539 1878 partes
563 1788 704 1877 agendas
735 1811 814 1856 esse.
860 1788 940 1864 Sed,
972 1810 1075 1874 quum
1098 1790 1280 1853 accuratius
1302 1810 1374 1852 rem
1395 1789 1509 1854 inves-

429 1918 582 2001 tigarem,
614 1913 844 1991 animadverti,
876 1916 952 1978 eum
973 1915 1083 1998 ipsum
1110 1916 1145 1978 in
1171 1913 1251 1978 locis
1279 1911 1369 1976 baud
1390 1917 1511 1998 paucis

429 2037 623 2114 haesitasse,
654 2037 811 2104 nonnulla
839 2041 874 2100 in
902 2040 1052 2102 versione
1083 2041 1246 2112 omisisse,
1277 2037 1407 2122 aliaque
1430 2037 1512 2104 licet

429 2183 498 2226 non
526 2164 574 2224 ita
599 2158 705 2224 multa
732 2162 777 2224 sic
806 2161 956 2234 vertisse,
987 2173 1026 2222 ut
1055 2158 1150 2224 facile
1179 2162 1387 2235 coniicerem,
1419 2183 1511 2238 eum,

430 2297 607 2370 antequam
629 2282 750 2348 librum
772 2286 807 2346 in
827 2281 996 2368 publicum
1019 2285 1195 2348 emissurus
1223 2281 1352 2358 fuisset,
1382 2284 1512 2351 iterum

428 2411 614 2494 iterumque
636 2406 692 2472 illa
717 2405 954 2494 perlecturum,
984 2409 1145 2492 novisque
1174 2409 1259 2471 curis
1287 2410 1399 2472 omnia
1428 2409 1509 2475 sub-

428 2536 591 2598 iecturum
613 2529 722 2596 fuisse.
760 2529 998 2596 Verumtamen
1025 2531 1106 2597 baec
1134 2533 1244 2596 omnia
1269 2532 1510 2618 intelligentem

429 2679 483 2721 me
506 2677 713 2720 commovere
735 2678 804 2720 non
824 2668 994 2742 poterant,
1022 2668 1062 2719 ut
1088 2658 1256 2744 promissis
1279 2679 1348 2721 non
1371 2669 1509 2736 starem,

430 2780 687 2865 Schwartziique
709 2778 829 2844 librum
853 2778 896 2844 ad
917 2779 1017 2844 finem
1039 2801 1107 2845 non
1128 2778 1350 2868 perducerem.
1396 2780 1508 2848 Immo

431 2927 559 2970 summa
586 2901 763 2992 eupiditate
791 2907 915 2989 arripui
942 2925 1062 2969 munus
1091 2926 1111 2968 a
1137 2903 1238 2970 vidua
1265 2903 1345 2968 mibi
1368 2903 1507 2972 deman·

430 3027 545 3093 datum
575 3041 734 3114 tanquam
765 3027 911 3093 officium
940 3028 1092 3094 manibus
1123 3031 1219 3093 amici
1250 3027 1415 3106 debitum,
1453 3031 1509 3096 vel

431 3153 623 3218 sacrificium
644 3151 759 3218 iisdem
789 3152 996 3218 offerendum
1026 3175 1176 3239 sperans,
1205 3175 1259 3217 mc
1289 3153 1350 3218 Dei
1381 3154 1507 3218 auxilio

430 3275 637 3340 difficultates
659 3275 731 3338 illas
754 3289 987 3363 superaturum
1010 3298 1090 3351 esse,
1114 3289 1155 3350 et,
1179 3278 1206 3339 si
1223 3277 1313 3358 operi
1328 3274 1406 3369 buic
1427 3299 1507 3343 sane

429 3400 619 3486 gravissim0
642 3400 750 3485 impar
772 3399 848 3473 sim,
871 3397 959 3473 fore,
987 3411 1026 3460 ut
1047 3400 1109 3464 viri
1133 3397 1220 3463 docti
1241 3397 1321 3462 mibi
1342 3397 1508 3467 benevole

428 3520 618 3608 indulgeant
639 3533 673 3586 et
693 3523 872 3607 ignoscant.
916 3519 963 3586 Ac
990 3519 1154 3608 profecto,
1185 3525 1211 3586 si
1242 3525 1294 3586 cui
1321 3521 1393 3600 alii,
1425 3525 1508 3588 mihi

430 3659 516 3710 certe
539 3644 584 3709 ad
595 3645 757 3709 lectorum
771 3643 1034 3710 benevolentiam
1047 3645 1297 3731 provocandum
1313 3659 1372 3712 est.
1410 3648 1507 3724 Nam,

428 3769 504 3834 lieet
526 3771 632 3844 omni,
663 3791 728 3856 qua
749 3790 811 3856 par
834 3781 917 3845 erat,
948 3769 1103 3857 religione
1124 3773 1160 3835 in
1181 3769 1280 3835 rebus
1302 3793 1373 3835 non
1394 3776 1506 3837 minus

431 3915 530 3981 quam
559 3895 594 3958 in
623 3891 730 3960 verbis
760 3893 992 3981 investigandis
1021 3917 1180 3972 versarer,
1209 3893 1363 3961 lubenter
1392 3911 1507 3961 tamen

429 4017 604 4096 confiteor,
634 4021 744 4084 mein
773 4017 883 4084 multis
907 4018 1014 4083 adhue
1042 4018 1179 4084 dubium
1206 4020 1350 4085 haerere.
1397 4020 1505 4108 llrgu·

428 4156 577 4207 mentum
599 4145 686 4208 enim
707 4142 796 4221 libri,
826 4166 911 4229 quae
939 4155 989 4209 cst
1011 4147 1235 4231 gnosticorum
1258 4143 1423 4210 librorum
1445 4167 1504 4208 na·

428 4279 520 4340 tura,
551 4278 620 4329 tam
647 4267 804 4344 arduum,
834 4281 968 4355 tamque
996 4267 1184 4334 abstrusum
1208 4283 1273 4344 est,
1303 4283 1342 4334 ut
1373 4271 1504 4357 saepius

315 4349 367 4494 alp
428 4387 507 4454 mibi
537 4389 657 4454 iterum
688 4393 797 4456 omnia
831 4393 1008 4479 perlegenti
1040 4395 1196 4498 vestigius
1228 4397 1321 4480 quasi
1349 4393 1504 4460 laborare
