3296 5354
652 457 771 522 11Ι

222 639 312 704 Haec
342 639 442 724 igitur
473 659 577 723 quum
606 635 696 704 lesus
732 629 865 703 dixisset
900 642 965 704 suis
999 637 1148 725 μιθηταιις
1176 645 1211 708 in

131 767 247 820 monte
270 737 448 828 olivarum,
477 755 622 838 perrexit
643 750 732 816 lesus
757 751 863 816 adhuc
890 755 925 816 in
955 776 1105 820 sermone
1135 779 1210 822 cum

134 873 201 933 suis
229 865 392 954 pataron:
431 864 585 952 gaudete,
616 864 781 931 laetemini
809 879 843 930 et
869 866 1025 932 adiiciatis
1054 869 1210 955 gaudium

133 1003 234 1068 super
255 993 405 1046 vestrum
429 978 599 1066 gaudimn‚
624 979 714 1065 quod
736 979 871 1067 impleta
891 995 968 1045 sunt
985 997 1148 1070 tempora,
1172 999 1210 1048 nt

101 1095 270 1162 sinduam
292 1117 405 1160 meum
428 1091 558 1175 ενδυμα,
583 1092 673 1179 quod
695 1107 849 1180 paratum
874 1108 923 1158 est
944 1097 1023 1160 mihi
1045 1096 1085 1160 ab
1106 1101 1208 1175 initio,

132 1210 210 1286 hoc,
241 1207 332 1295 quod
355 1210 451 1295 posui
479 1209 514 1271 in
540 1207 657 1272 ultimo
688 1235 840 1294 μυστηριῳ
869 1231 974 1294 usque
1006 1209 1048 1274 ad
1079 1224 1209 1299 tempus

70 1401 71 1404 Ἴ
134 1347 213 1388 suae
237 1322 456 1410 perfectionis.
501 1321 582 1386 Eius
610 1335 740 1409 tempus
763 1344 843 1386 vero
867 1321 924 1403 (le)
947 1346 1015 1388 non
1036 1326 1210 1413 impletum

134 1451 220 1512 crat,
246 1450 374 1524 tempus
397 1434 578 1500 iubendum
601 1436 852 1523 (eroenaxsama)
876 1461 895 1500 a
916 1441 1023 1525 primo
1046 1466 1209 1527 μυστηριῳ,

135 1564 175 1614 ut
196 1549 313 1637 loquar
335 1548 506 1615 vobiscum
530 1549 571 1614 ab
600 1575 684 1640 αρχῃ
705 1548 845 1624 atalante
871 1573 977 1637 usque
1007 1553 1050 1616 ad
1079 1557 1147 1618 eius
1171 1554 1208 1619 ii·

89 1694 118 1736 ιο
136 1686 227 1742 nem;
263 1678 296 1730 et
322 1664 399 1728 inde
429 1663 470 1728 ab
501 1667 636 1729 internis
664 1667 883 1740 internorum,
917 1679 1093 1752 propterea
1120 1668 1211 1753 quod

133 1805 245 1864 κοσμος
269 1778 450 1845 servandus
473 1792 524 1843 est
544 1800 605 1865 per
626 1799 697 1843 voe.
729 1777 879 1842 Gaudete
901 1780 1012 1864 igitur,
1035 1779 1209 1859 laetemini,
1255 1761 1272 1800 ζ’

135 1892 226 1980 quod
256 1896 333 1958 estis
363 1920 508 1980 μακαριοι
535 1914 619 1979 prae
651 1897 761 1977 (napa)
796 1891 982 1958 hominibus
1017 1897 1140 1958 cunctis
1174 1897 1210 1960 in

134 2021 238 2092 terra,
262 2009 340 2094 quia
360 2029 421 2072 vos
446 2009 607 2072 servaturi
631 2009 707 2072 estis
730 2032 842 2091 κοσμον
865 2020 982 2093 totum.

146 2161 149 2168 ·
224 2121 362 2185 Factum
384 2124 482 2207 igitur
512 2134 573 2198 est,
604 2143 708 2206 quum
736 2119 825 2184 lesus
855 2119 979 2184 linisset
1008 2119 1100 2207 loqui
1129 2122 1209 2188 haec

90 2266 118 2306 ιι
136 2234 239 2300 verba
263 2257 336 2299 cum
360 2239 425 2300 suis
447 2235 610 2320 μωθητωις,
632 2255 770 2322 pergens
794 2233 900 2299 adhuc
923 2237 957 2299 in
977 2257 1136 2312 sermone,
1160 2235 1208 2302 di·

134 2354 183 2414 xit
204 2352 257 2414 iis:
281 2370 367 2428 ecce,
392 2358 526 2437 εφορησα
548 2371 660 2437 meum
683 2348 814 2433 selom
838 2362 937 2435 atque
961 2348 1038 2414 data
1061 2362 1110 2414 est
1129 2351 1210 2416 mihi

135 2460 255 2552 ιξουσιω
286 2466 393 2529 omnis
424 2489 444 2529 a
474 2467 580 2551 primo
614 2490 774 2552 μυστηριῳ.
824 2461 940 2528 Adhuc
971 2469 1039 2547 (trs)
1069 2485 1210 2551 parvum

135 2591 264 2666 tempus
289 2592 353 2656 est,
380 2592 414 2643 et
437 2578 544 2643 dicam
565 2577 659 2644 vobis
681 2604 839 2666 prosapiae
863 2601 973 2656 omne,
1002 2591 1036 2643 ct
1056 2591 1210 2665 πληρωμαι

137 2715 249 2770 omne,
279 2707 312 2758 et
334 2692 424 2756 haud
448 2692 560 2758 celabo
586 2692 766 2779 quidquam
787 2715 848 2756 vos
871 2692 947 2757 inde
970 2692 1011 2756 ab
1034 2692 1095 2756 hac
1117 2692 1209 2772 hora,

90 2837 118 2879 m
137 2807 193 2872 sed
220 2811 338 2889 (anta)
365 2810 399 2870 in
426 2806 626 2894 perfectione
649 2804 820 2870 absolvam
841 2827 902 2872 vos
924 2819 1103 2892 πληρωματι
1126 2821 1209 2886 toto,

136 2935 171 2987 et
191 2921 391 3009 perfectione
415 2923 516 2998 omni,
541 2934 574 2986 et
595 2946 747 3006 μυστηριῳ
764 2921 868 2994 omni,
893 2941 977 3004 quae
1000 2917 1114 2984 eadem
1133 2934 1210 3012 sunt

136 3033 210 3099 finis
238 3033 353 3098 finium
383 3037 543 3112 omnium,
578 3046 612 3099 et
633 3045 785 3119 πληρωμω
810 3045 1017 3116 πληρωμωτων
1047 3035 1210 3112 omnium,

137 3161 238 3235 atque
259 3173 364 3236 γνωσις
382 3175 513 3236 yvonem
537 3151 698 3224 omnium,
721 3158 901 3232 quaesunt
918 3148 953 3209 in
967 3167 1042 3212 meo
1059 3143 1209 3231 ινὸυμωτι.

135 3265 252 3330 Dicam
273 3263 367 3331 vobis
389 3291 540 3349 μυστηριω
564 3264 675 3328 omnia
688 3260 770 3326 *inde
790 3260 832 3324 ab
849 3272 982 3325 externo
999 3273 1210 3327 externorum

94 3407 120 3448 aa
137 3401 244 3466 usque
266 3377 310 3445 ad
329 3383 496 3445 internum
518 3381 736 3444 internorum:
766 3387 844 3452 πλην
867 3375 993 3454 audite,
1021 3374 1129 3442 dicam
1149 3399 1210 3445 vo·

137 3491 188 3559 bis
209 3515 262 3560 res
287 3516 413 3571 omnes,
438 3515 522 3581 quae
546 3504 726 3559 evenerunt
748 3491 836 3555 mihi.

225 3608 363 3674 Factum
384 3611 485 3695 igitur
508 3620 573 3684 est,
604 3630 708 3693 quum
731 3606 780 3672 sol
804 3619 936 3672 exortus
960 3619 1047 3672 esset
1073 3609 1108 3670 in
1130 3605 1209 3672 locis

137 3725 285 3801 orientis,
316 3721 483 3809 descendit
508 3743 628 3808 magna
654 3720 780 3806 δυνιμις
808 3720 903 3798 lucis,
938 3723 973 3786 in
1003 3744 1069 3808 qua
1098 3743 1211 3786 meum

138 3835 269 3924 alapa,
301 3836 391 3923 quod
412 3839 509 3925 posui
530 3839 571 3920 in¹
594 3839 748 3904 vicesimo
773 3849 891 3922 quarto
920 3860 1086 3923 μυστηριῳ,
1117 3836 1212 3896 sicuti

222 4007 253 4068 3.
276 4009 402 4092 gaudete
424 4011 501 4090 (add.
525 4025 555 4073 et
576 4013 624 4088 P.)
691 4011 721 4072 8.
750 4009 904 4091 impletum
927 4019 989 4069 erat
1010 4005 1074 4085 (vel
1093 4005 1210 4085 potins:

138 4120 256 4191 tempus
284 4105 315 4168 δε
343 4109 534 4190 perfectionis
562 4132 631 4173 snae
659 4122 706 4172 est
732 4121 788 4172 etc.
815 4109 845 4169 b.
873 4109 906 4168 S.
935 4107 1012 4192 legit
1041 4105 1211 4184 incqncon

137 4231 193 4292 pro
214 4211 243 4269 R
263 4231 404 4291 neqarmn
425 4212 474 4290 P.)
522 4214 569 4273 10.
592 4212 718 4273 internis
740 4211 875 4288 (interno
896 4209 946 4286 P.)
993 4203 1042 4268 15.
1063 4203 1212 4280 warnae

137 4311 187 4392 (ad
207 4332 278 4374 snos
299 4311 438 4387 μαθητας
458 4316 509 4391 P.)
552 4313 602 4374 16.
626 4332 694 4374 ecce
716 4309 794 4389 (add.
811 4309 906 4393 igitur
922 4307 972 4384 P.)
993 4321 1121 4400 εφορησρι
1142 4311 1212 4390 (φο-
1318 4323 1321 4330 ’

136 4413 209 4497 pso?
222 4412 274 4491 P.)
315 4411 367 4476 27.
391 4427 514 4486 exortus
530 4426 609 4478 esset
626 4411 701 4492 (velt
725 4410 943 4490 „exoriretur”
958 4411 1006 4492 P.)
1047 4410 1099 4474 29.
1122 4410 1213 4474 sicuti
