3254 5340
647 455 714 528 145

139 637 306 718 omnibus;
335 637 438 704 homo
463 649 513 704 est
541 640 576 702 in
602 663 726 726 κοσμῳ,
761 649 852 706 ente
880 653 1027 727 praestat
1054 641 1220 728 προβολαις

137 753 282 838 θησαυρου
297 753 429 818 luminis
454 765 488 815 et
511 754 573 816 erit
595 751 710 817 elatior
732 754 771 817 iis
795 753 965 832 omnibus;
988 755 1088 821 homo
1113 759 1219 822 estin

136 893 260 953 κοσμῳ,
289 880 380 934 eane
407 877 554 952 praestat
581 891 725 952 κιρασμῳ
754 880 787 931 et
817 870 879 932 erit
906 868 1021 934 elatior
1049 891 1088 936 eo
1113 874 1217 948 omni;
1257 867 1332 943 930

138 983 238 1046 homo
262 984 369 1045 estin
390 1006 515 1065 κοσμῳ,
547 991 637 1044 sitae
668 993 814 1064 praestat
840 1007 922 1068 τοπῳ
953 985 1042 1048 omni
1073 983 1218 1068 θησαυρου

97 1121 112 1160 s
140 1107 173 1158 et
196 1097 257 1158 erit
279 1093 396 1158 elatior
411 1114 451 1157 eo
477 1095 581 1170 omni;
604 1092 704 1157 homo
729 1097 835 1158 estin
856 1120 973 1181 κοσμῳ,
997 1107 1087 1162 am
1101 1119 1218 1184 regna·

136 1207 186 1272 bit
208 1227 337 1272 meeum
359 1209 394 1270 in
416 1228 490 1270 meo
514 1227 633 1292 regn03
663 1207 763 1271 homo
788 1220 838 1271 est
858 1210 893 1272 in
915 1233 1036 1295 κασμῳ,
1068 1211 1140 1276 αλλ’
1167 1223 1218 1276 est

137 1344 196 1386 rex
217 1324 253 1384 in
274 1320 412 1398 lumine;
435 1319 535 1384 homo
552 1321 651 1384 estin
665 1345 781 1407 κοσμῳ,
805 1333 896 1387 eata
911 1334 1045 1387 nonest
1065 1345 1082 1387 e
1098 1349 1215 1410 κοσμῳ,

140 1446 174 1499 et
196 1439 277 1517 ἀμην
301 1432 372 1497 dieo
395 1432 504 1526 vobis:
528 1433 628 1497 homo
652 1432 706 1498 ille
730 1447 780 1498 est
803 1455 862 1520 ego
887 1447 920 1499 et
944 1456 1003 1521 ego
1025 1458 1099 1500 sum
1113 1436 1214 1502 homo
1294 1467 1299 1489 ι

139 1547 211 1624 ille,
243 1559 276 1610 et
296 1549 330 1610 in
353 1546 513 1610 solutione
541 1571 668 1628 κοσμου,
701 1569 785 1632 quae
808 1561 874 1623 est,
899 1571 1002 1634 quum
1024 1551 1217 1615 universum
1281 1535 1285 1546 ’

85 1688 113 1728 m
141 1674 290 1726 evectum
319 1659 431 1736 suerit,
462 1673 622 1746 et-quum
651 1663 755 1723 evecti
781 1659 905 1724 fuerint
933 1683 1065 1739 omnes,
1093 1663 1217 1748 αριθμος

136 1772 252 1864 dextr
271 1788 396 1850 stasmi,
419 1787 452 1837 et
475 1772 581 1868 iactus
605 1774 723 1838 fuerim
745 1797 804 1839 rex
825 1777 861 1838 in
882 1773 991 1838 medio
1015 1775 1131 1840 ultimo
1153 1802 1214 1842 πα.-

136 1915 284 1980 pareant,
315 1909 417 1973 quum
442 1890 504 1950 sim
531 1909 591 1952 rex
617 1909 717 1975 super
746 1887 902 1974 προβολας
930 1909 1043 1953 omnes
1072 1888 1214 1968 luminis,

138 2016 171 2068 et
194 2025 297 2087 quum
321 2004 380 2066 sim
403 2023 461 2066 rex
485 2023 583 2086 super
607 2015 732 2086 septem
755 2005 836 2087 ἀμην
860 2015 893 2066 et
916 2003 1059 2087 quinque
1080 2001 1213 2068 arbores

140 2129 173 2179 et
195 2118 259 2178 tria
280 2116 360 2195 ἀμην
384 2127 417 2178 et
438 2136 558 2179 novem
583 2124 738 2202 φυλωκες,
767 2128 800 2180 et
822 2137 925 2202 quum
950 2117 1010 2178 sim
1033 2138 1092 2180 rex
1115 2138 1215 2202 super

85 2255 113 2294 rs
140 2249 281 2313 puerum
302 2230 411 2321 pueri,
442 2231 497 2313 qui
527 2241 605 2292 sunt
635 2231 754 2315 gemini
783 2254 922 2314 emper,
953 2240 987 2292 et
1018 2251 1121 2314 quum
1152 2231 1215 2295 sim

137 2365 198 2406 rex
225 2363 323 2426 super
353 2339 525 2405 duodecim
558 2367 689 2426 σωτηριις
719 2355 752 2408 et
785 2341 906 2425 αριθμον
935 2363 1067 2406 omnem
1093 2339 1213 2429 ψυχων

135 2470 262 2531 raasson,
285 2476 369 2542 quae
393 2457 576 2540 acceperint
597 2481 755 2540 μυστηρισν
777 2455 922 2521 luminis:
948 2468 981 2518 et
1002 2456 1102 2520 homo
1125 2459 1213 2540 quis-

137 2591 210 2655 que,
235 2571 291 2655 qui
314 2571 475 2652 acceperit
496 2593 655 2650 μυστηρων
676 2567 866 2646 neffabilia,
895 2581 992 2633 erunt
1020 2571 1097 2632 socii
1119 2590 1212 2655 reges
1294 2584 1309 2607 ··’

137 2703 282 2757 meeum,
305 2680 465 2747 sedebunt
488 2680 530 2745 ad
552 2680 700 2746 dextram
723 2683 802 2747 mihi
825 2696 858 2746 et
881 2681 924 2746 ad
947 2685 1110 2746 sinistram
1132 2683 1213 2748 mihi

83 2822 111 2863 m
137 2798 173 2859 in
195 2816 269 2859 meo
292 2816 402 2881 regno,
426 2797 562 2876 et-eipnv
579 2794 650 2859 dieo
674 2793 782 2858 vobis:
811 2795 960 2858 homines
983 2795 1028 2858 illi
1052 2809 1129 2859 sunt
1152 2817 1212 2882 ego

139 2921 173 2977 et
196 2929 255 2994 ego
280 2929 353 2972 sum
375 2907 429 2971 illi.
463 2907 617 2993 ¹Propter
639 2907 703 2970 hoe
725 2909 823 2993 igitur
839 2905 905 2969 dixi
927 2905 1021 2970 vebis
1046 2907 1138 2970 olim:
1163 2930 1213 2973 se-

137 3021 254 3088 debitis
285 3043 383 3106 super
412 3034 541 3086 vestros
576 3020 714 3085 thronos
746 3018 789 3082 ad
819 3018 968 3083 dextram
997 3018 1076 3080 mihi
1108 3031 1141 3082 et
1170 3017 1213 3083 ad

136 3139 302 3202 sinistram
335 3134 414 3198 mihi
450 3136 484 3198 in
522 3155 597 3199 meo
630 3154 750 3219 regno,
793 3145 827 3196 et
844 3129 1036 3217 regnabitis
1073 3151 1212 3196 mettun.
1251 3125 1323 3198 231

135 3248 275 3333 Propter
296 3248 360 3312 hoe
382 3249 480 3334 igitur
502 3245 593 3310 haud
616 3247 745 3332 peperci
764 3267 871 3331 neque
888 3242 977 3332 (ουὸι)
995 3231 1118 3309 veritus
1138 3266 1213 3310 sum

83 3389 111 3430 as
137 3381 257 3425 vocare
279 3382 340 3424 vos
363 3383 454 3425 meos
479 3359 597 3424 fratres
621 3371 655 3424 et
677 3381 769 3424 meos
792 3361 907 3435 socios,
931 3371 1106 3444 propterea
1122 3356 1213 3443 quod

137 3475 226 3538 eritis
250 3475 328 3536 socii
349 3495 440 3560 reges
464 3494 593 3537 mecum
615 3475 650 3537 in
671 3493 746 3538 meo
768 3493 886 3560 regn03
915 3471 995 3536 haee
1024 3475 1123 3559 igitur
1146 3471 1212 3537 dixi

135 3587 229 3653 vobis
254 3589 372 3662 sciens,
395 3609 447 3650 me
472 3585 627 3650 daturum
651 3609 720 3652 esse
742 3586 836 3653 vobis
851 3613 1008 3672 μυστηρισν
1025 3585 1212 3662 lneffabilis‚

136 3699 227 3786 quod
248 3726 407 3785 μυστηριον
428 3698 510 3764 illud
533 3713 583 3764 est
605 3723 664 3788 ego
692 3713 727 3766 et
755 3723 813 3789 ego
845 3723 918 3767 sum
940 3727 1098 3787 μυστηριον
1121 3697 1211 3764 illud
1250 3681 1256 3691 ¹

135 3811 229 3875 Nunc
252 3816 350 3899 igitur
373 3841 405 3880 eu
422 3839 509 3893 μονον
531 3835 591 3880 vos
615 3814 948 3901 regnabitismeeum‚
973 3813 1044 3878 αλλ’
1062 3813 1211 3876 homines

83 3951 111 3992 ss
139 3945 253 3988 omnes
283 3929 445 4010 accepturi
474 3953 632 4013 μυστηριον
662 3925 837 3992 lneiisbilis
873 3937 970 3990 erunt
1005 3925 1083 3987 socii
1118 3942 1212 4007 reges

136 4057 268 4102 meeum
289 4040 325 4102 in
345 4058 419 4104 meo
442 4062 543 4129 regno
567 4055 601 4105 et
624 4060 683 4126 ego
707 4061 781 4104 sum
809 4041 863 4103 isti
891 4047 925 4102 et
952 4037 1006 4100 isti
1035 4045 1113 4098 sunt
1139 4053 1211 4121 ego,

217 4282 268 4346 17.
289 4309 435 4372 μυσπριον
457 4285 579 4348 luminis
606 4287 768 4371 (μυπηριον
790 4283 822 4344 ln
843 4280 956 4344 leniae
977 4281 1027 4362 P.)
1083 4281 1134 4346 18.
1161 4281 1212 4346 In-

134 4383 261 4448 effabilis
282 4386 329 4468 (in
350 4386 502 4450 ineffabili
523 4387 575 4468 P.)

982 4487 1007 4561 k
