3296 5354
673 475 715 542 31

152 659 324 749 ψβολις,
359 675 443 742 quas
473 652 628 741 προιβαλε
655 675 796 742 magnus
823 679 980 744 προπιντωρ
999 677 1137 746 comtos,
1169 659 1241 724 iste-

155 789 191 842 et
211 773 322 858 magni
345 768 412 834 duo
435 764 615 855 τριᾶιναμοι.

246 886 386 950 Factum
412 885 512 969 igitur
544 895 606 958 est,
643 903 746 968 quum
772 882 862 948 lesus
893 882 1027 949 dixisset
1054 883 1135 949 haec
1166 887 1231 950 suis

155 998 319 1087 μιθηταις,
349 1019 524 1086 progressa
552 996 712 1062 Maribam
740 997 835 1062 dixit:
869 997 913 1062 Mi
944 997 1087 1062 domine!
1122 999 1232 1063 audivi

120 1141 135 1180 s
156 1129 190 1182 te
213 1115 275 1178 hoc
298 1126 448 1198 tempore
472 1110 647 1188 dicentem,
677 1138 773 1178 πιστιν
797 1120 908 1198 capsae
937 1133 1069 1199 quoque
1099 1134 1168 1178 esse
1196 1116 1232 1178 in

157 1231 271 1316 viginti
295 1239 439 1313 quatuor
460 1226 631 1310 προβολαις.
662 1225 707 1290 Et
728 1252 789 1296 πως
804 1248 872 1290 non
887 1239 958 1290 erat
977 1229 1012 1290 in
1027 1247 1140 1290 eorum
1157 1227 1230 1292 loco

155 1341 284 1428 (vomi
306 1353 396 1406 naas
420 1339 541 1403 dixisti:
566 1337 701 1416 „Inveni
724 1362 797 1404 cam
818 1339 905 1404 inira
921 1339 1083 1405 decimum
1097 1342 1231 1405 tertium
1281 1331 1331 1404 44

158 1455 278 1524 ateva?
327 1452 540 1542 Respondent
570 1451 660 1518 lesus
692 1453 774 1517 dixit
803 1457 870 1518 suis
899 1453 1061 1537 μαθηταιςε
1092 1453 1231 1518 Factum

160 1581 224 1646 est,
254 1589 355 1654 quum
379 1580 464 1632 esset
485 1593 582 1639 τιστις
600 1575 697 1655 coepto
718 1569 754 1630 in
783 1565 1028 1634 decimotertio
1054 1595 1170 1644 otwvov,
1196 1571 1231 1632 in

102 1709 132 1752 ao
158 1709 239 1770 τοπῳ
263 1703 397 1748 suarum
419 1703 572 1746 sororum
595 1683 757 1758 omnium,
781 1707 920 1769 asperus,
944 1703 1027 1767 quae
1049 1683 1139 1768 ipsae
1155 1693 1232 1746 sunt

155 1799 270 1885 viginti
294 1809 436 1883 quatuor
458 1796 609 1882 προβολαι
631 1796 741 1880 magni
764 1820 890 1879 asporto
917 1831 953 1841 -
986 1792 1111 1858 factum
1132 1796 1231 1880 igitur

161 1925 211 1978 est
236 1914 329 1976 iussu
351 1912 449 1997 primi
478 1935 656 1998 μυστηριου,
691 1911 811 1972 intuita
838 1910 873 1972 in
903 1906 1107 1972 altitudinem
1136 1931 1231 1978 πιστις

159 2035 256 2112 copta
294 2024 378 2090 vidit
414 2024 544 2092 lumen¹
561 2047 837 2108 mvasnooporcc
865 2019 1008 2108 insamae
1038 2020 1128 2086 lucis.
1187 2021 1232 2086 Et

159 2137 338 2220 ιτεθυμησεν
359 2139 406 2201 ire
432 2140 467 2202 in
493 2163 578 2204 τοτον
598 2137 702 2202 illum.
750 2136 797 2202 Et
820 2135 911 2200 haud
933 2138 1042 2223 potuit
1063 2139 1174 2200 venire
1197 2138 1231 2200 in

103 2278 132 2320 u
159 2278 244 2322 τοτον
266 2251 367 2314 illum.
402 2250 534 2316 Destitit
551 2248 584 2317 le
605 2250 713 2316 facere
734 2277 889 2335 μυστηριον
913 2249 1028 2316 decimi
1050 2251 1136 2314 tertii
1160 2277 1231 2316 atu·

158 2393 210 2438 νος.
254 2373 350 2432 mo
369 2368 478 2450 ύμνευε
499 2365 565 2429 luci
587 2364 781 2441 altitudinis,
812 2387 924 2450 quam.
940 2363 1023 2429 vidit
1052 2365 1087 2428 in
1108 2364 1231 2428 lumine

155 2505 432 2565 καιτοιτετασματος
451 2476 595 2565 hocopus
618 2479 708 2542 lucis.
752 2478 891 2542 Factum
912 2480 1010 2564 igitur
1033 2491 1098 2554 est,
1128 2500 1232 2564 quum

156 2607 287 2661 caneret
308 2596 419 2679 ὕμνους
437 2619 518 2680 scrip
541 2591 734 2668 altitudinis,
758 2618 899 2676 αρχοντις
923 2614 1051 2668 omnes,
1076 2594 1132 2677 qui
1155 2603 1232 2656 sunt

155 2713 190 2774 in
212 2707 386 2774 duodecim
409 2733 518 2782 αιωσιν,
542 2705 618 2770 odio
641 2705 830 2775 habuerunt
844 2727 926 2781 eam
948 2705 992 2781 hi,
1017 2705 1072 2792 qui
1086 2708 1121 2769 in
1135 2718 1231 2793 parte

103 2847 131 2889 so
156 2823 317 2899 infcriori,
347 2834 524 2909 propterea
553 2819 645 2906 quod
668 2823 806 2884 cessavit
835 2823 870 2883 in
901 2821 967 2882 suis
997 2844 1174 2903 μυστηριως,
1197 2831 1231 2883 et

158 2939 315 3024 ¹quoniam
336 2934 442 2998 voluit
463 2937 511 3000 ire
533 2937 568 2998 in
596 2933 815 3008 altitudinem,
853 2945 892 2996 ut
919 2943 1004 2995 esset
1034 2951 1134 3017 supra
1164 2953 1229 2996 eos.
1265 2941 1279 2982 ‘-

157 3050 298 3136 Propter
319 3047 383 3111 hoc
405 3050 502 3133 igitur
529 3050 605 3115 irati
636 3059 713 3111 susat
742 3047 771 3111 ci
803 3058 835 3109 et
866 3043 941 3108 odio
974 3066 1047 3106 eam
1076 3043 1229 3108 habuere.

157 3161 269 3250 Atque
289 3183 425 3246 magnus
448 3157 620 3247 τριδὶινοιμος
639 3157 784 3236 andalus,
810 3161 866 3246 qui
887 3159 1003 3223 tertius
1027 3169 1077 3222 est
1096 3154 1229 3241 spidista-

157 3301 216 3363 μσς
239 3287 272 3340 et
291 3287 442 3340 versatur
470 3263 505 3340 in
533 3273 780 3341 decimotertio
805 3299 899 3348 αιωνι,
930 3271 981 3334 hic
1012 3274 1068 3357 qui
1096 3269 1160 3334 fuit
1180 3273 1230 3336 in·

105 3416 132 3458 as
160 3388 314 3457 obediens
343 3387 431 3454 haud
461 3388 647 3474 προβωλλων
680 3411 811 3453 omnem
844 3388 1021 3474 puritatem
1059 3406 1137 3450 suae
1171 3387 1230 3462 vis,

158 3507 299 3591 quaein
328 3525 382 3580 eo,
416 3524 524 3588 neque
552 3500 644 3584 (cole)
673 3503 826 3568 exhibens
856 3523 979 3589 purum
1007 3501 1119 3566 lumen
1148 3513 1231 3565 tem·

156 3640 252 3707 pore,
277 3640 343 3705 quo
367 3641 510 3703 αρχοντες
529 3615 690 3681 dederunt
712 3639 807 3682 suam
820 3619 1007 3704 puritatem,
1030 3615 1144 3684 volens
1161 3637 1230 3682 esse

157 3732 310 3798 dominus
341 3753 443 3819 supra
472 3729 635 3796 decimum
669 3734 805 3797 tertium
835 3758 927 3800 enula
956 3745 1075 3809 totum,
1107 3743 1141 3796 et
1177 3731 1232 3816 qui
1283 3720 1332 3794 45

158 3859 236 3910 sunt
269 3843 357 3909 inira
385 3867 474 3922 eum,
506 3883 542 3894 -
577 3844 702 3910 factum
730 3848 829 3933 igitur
859 3858 921 3922 est,
959 3867 1063 3930 quum
1092 3866 1233 3928 αρχοντες

104 3981 133 4024 ao
161 3954 335 4021 duodecim
357 3983 463 4025 atavus
479 3961 555 4026 irati
578 3975 686 4027 essent
707 3986 802 4026 τιστιι
820 3967 932 4047 copes,
956 3979 1039 4043 quae
1063 3967 1112 4021 est
1132 3973 1232 4040 supra
1291 3971 1294 3976 ·

241 4113 271 4176 5.
294 4136 360 4177 esse
387 4117 417 4177 in
445 4119 507 4197 (vel
532 4122 649 4204 potius:
678 4141 765 4180 unam
791 4137 909 4200 quoque
936 4137 1001 4177 esse
1024 4135 1040 4176 e
1067 4113 1117 4192 P.)
1180 4112 1231 4174 20.

158 4216 284 4280 cessavit
304 4216 336 4278 in
357 4218 419 4279 suis
441 4222 590 4304 mysteriis
616 4219 678 4300 (vel
701 4219 818 4300 potius:
834 4216 969 4296 -reliquit
991 4235 1093 4278 eorum
1118 4224 1232 4296 myste-

156 4318 200 4380 ria
220 4317 268 4396 P.)
311 4317 363 4380 21.
385 4340 475 4402 super
496 4342 548 4383 eos
571 4320 647 4399 (add.
669 4339 772 4380 omues
794 4319 842 4397 P.)
894 4315 946 4378 26.
969 4315 1070 4379 lumen
1091 4316 1154 4396 (vel
1175 4335 1232 4398 po-

156 4418 231 4480 tius:
254 4417 414 4500 puritatem
435 4421 482 4483 sni
503 4420 625 4482 luminis
647 4418 694 4499 P.)
1113 4407 1114 4410 ¹
