3296 5354
681 489 726 560 tt

160 691 327 766 tempore,
357 693 425 761 quo
447 669 618 760 πραιβιιλον
635 697 686 758 με.
731 669 777 737 Et
802 693 906 758 quum
931 673 1052 740 intrita
1080 695 1186 741 essem
1207 679 1242 742 in

162 790 370 858 altitudinem
393 786 437 853 nd
458 786 588 864 lumen,
619 798 652 851 et
673 789 792 851 intuita
821 809 926 853 essem
954 791 989 852 in
1010 788 1176 854 infernum
1198 790 1241 857 ad

161 909 232 971 vim
254 903 403 978 huninis,
435 922 520 987 quae
548 903 583 963 in
606 899 704 976 chao,
735 904 877 977 surrexi,
908 905 983 966 veni
1009 905 1044 967 in
1065 903 1240 970 infernum.

164 1020 278 1084 Tuum
301 1028 463 1082 statutum
490 1017 679 1102 supervenit
706 1036 776 1090 me,
812 1026 845 1078 et
874 1017 1025 1092 timores,
1060 1039 1143 1102 quos
1174 1031 1240 1082 sta·

121 1155 135 1197 t
165 1135 267 1209 tuisti,
289 1129 527 1218 perturbarunt
541 1150 604 1206 me,
628 1141 661 1193 et
677 1127 960 1194 circumdederunt
974 1151 1027 1194 me
1043 1129 1240 1218 frequentes,

165 1249 249 1311 sieut
271 1266 378 1332 aquae
399 1241 643 1331 prehenderunt
670 1264 724 1308 me
753 1243 850 1307 simul
878 1265 939 1331 per
967 1255 1099 1331 tempus
1127 1267 1242 1310 meum

163 1373 284 1426 totum.
321 1359 367 1425 Et
388 1380 429 1422 ex
452 1369 575 1422 statuto
598 1369 657 1421 tuo
681 1378 750 1420 non
772 1359 876 1420 sivisti
897 1379 1006 1422 meam
1027 1334 1150 1423 socialn
1170 1385 1240 1444 προ·

167 1475 262 1553 βολην
281 1469 391 1550 (doulos
412 1471 502 1548 mihi,
525 1492 584 1535 nec
608 1473 710 1535 sivisti
732 1493 841 1535 meam
863 1471 1006 1558 συνζυγον
1035 1494 1165 1538 servare
1187 1494 1241 1538 me

167 1610 189 1651 a
211 1589 291 1651 meis
315 1582 478 1674 θλιψινιν.”
516 1584 605 1649 Haec
628 1587 727 1671 igitur
750 1598 800 1650 est
822 1587 936 1671 quinta
957 1611 1116 1670 μετανοιαι,
1141 1609 1241 1674 quam

111 1725 140 1766 ro
167 1700 249 1766 dixit
276 1725 372 1771 τιστις
396 1709 495 1788 copto
522 1701 557 1762 iu
588 1699 686 1776 chao,
724 1721 827 1785 quum
858 1701 1101 1765 continuassent
1130 1699 1242 1780 θλιβειν

164 1838 239 1882 eam
260 1815 412 1900 τροβολωι
436 1835 548 1878 omnes
570 1816 676 1879 sillam
696 1810 853 1884 andaricus.

254 1929 344 1994 Haec
366 1931 479 2016 igitur,
504 1950 608 2015 quum
629 1926 719 1991 lesus
741 1925 875 1992 dixisset
895 1929 960 1992 suis
980 1925 1139 2011 μαθητωις,
1162 1925 1243 1992 dixit

165 2046 219 2107 iis:
243 2046 295 2106 cui
319 2055 369 2107 est
390 2045 477 2106 auris
501 2040 544 2106 ad
567 2040 782 2118 audiendum,
805 2040 936 2118 audito..
951 2054 985 2106 et
1007 2045 1099 2106 cuius
1120 2068 1241 2128 πνευμω

168 2155 284 2221 ebullit
303 2159 339 2220 in
361 2175 416 2232 eo,
444 2155 667 2243 progreditur,
697 2168 737 2219 ut
764 2154 852 2219 dicat
877 2155 1075 2220 solutionem
1097 2183 1242 2240 vesperae

114 2288 141 2330 rs
170 2274 302 2358 quintae
323 2293 623 2356 postulassemus
642 2278 763 2356 σοφιας.
807 2269 853 2334 Et
876 2291 979 2355 quum
1006 2269 1095 2335 Iesus
1118 2269 1242 2336 finisset

167 2385 274 2449 dicere
295 2385 375 2450 haec
397 2382 513 2460 verba,
539 2384 686 2448 exsiliens
708 2382 878 2471 Philippus
902 2386 1004 2460 stetit,
1029 2382 1181 2472 deposuit
1202 2385 1240 2449 li-

165 2499 277 2576 brum,
310 2502 365 2585 qui
393 2501 428 2562 in
451 2520 511 2562 sua
532 2519 642 2562 manu.
697 2496 761 2562 lste
784 2522 844 2585 γαρ
873 2510 938 2574 est,
962 2501 1027 2584 *qui
1056 2498 1166 2562 scribit
1187 2519 1239 2564 res
1293 2503 1318 2560 >e

167 2635 291 2691 omnes,
315 2635 397 2699 quas
412 2611 502 2678 Iesus
526 2610 606 2677 dixit
630 2624 662 2676 et
685 2633 767 2698 ques
791 2611 868 2676 fecit
884 2633 1007 2678 omnes.
1043 2612 1239 2701 Progressus

165 2731 264 2815 igitur
277 2726 448 2815 Philippus
471 2725 553 2790 dixit
575 2728 618 2790 ei:
640 2728 687 2790 mi
710 2725 856 2802 domine,
879 2748 961 2791 num
983 2731 1081 2812 (μητι)
1104 2749 1163 2815 ego
1188 2751 1240 2794 so·
1292 2722 1342 2802 70

113 2859 142 2901 n
167 2842 218 2906 lus
243 2864 330 2919 sum,
354 2845 407 2905 cui
430 2839 556 2917 dedisti,
578 2854 617 2903 ut
639 2862 751 2927 geram
773 2861 887 2903 curam
900 2864 1027 2925 κοσμου,
1048 2854 1088 2904 ut
1103 2842 1242 2906 scribam

167 2978 220 3021 res
244 2977 371 3032 omnes,
403 2977 484 3042 quas
508 2954 652 3020 dicemus
676 2967 710 3018 et
732 2976 814 3041 quas
837 2953 1007 3031 faciemus,
1039 2975 1099 3018 nec
1119 2958 1240 3042 permi-

169 3071 239 3132 sisti
261 3069 353 3144 mihi,
382 3081 421 3133 ut
440 3091 632 3158 progressus
656 3067 762 3132 dicam
785 3067 982 3132 solutionem
1003 3092 1164 3153 pompus
1184 3095 1241 3153 με·

168 3207 289 3253 scurras
310 3207 431 3256 τιστεως
453 3193 574 3271 coptos.
623 3183 734 3247 Meum
761 3206 882 3267 πνιυμαι
901 3207 962 3270 γαρ
991 3179 1106 3246 ebullit
1127 3183 1161 3244 in
1187 3202 1242 3246 me

169 3297 281 3360 multis
304 3296 436 3374 vicibus,
461 3311 494 3362 et
517 3297 624 3374 solvit,
649 3309 682 3361 et
704 3296 871 3384 αναγκωζει
893 3317 946 3360 me
968 3294 1074 3371 valde,
1104 3308 1142 3360 ut
1163 3317 1241 3383 pro·

115 3428 143 3468 Ι
171 3411 307 3499 grediar,
329 3425 368 3475 ut
390 3411 496 3476 dicam
520 3411 717 3476 solutionem
731 3435 890 3496 μιταινοιαις
908 3435 1031 3481 nectent
1049 3419 1170 3497 copias,
1185 3431 1242 3475 ne·

170 3547 233 3613 que
245 3547 437 3614 progressus
450 3549 532 3600 sum,
554 3539 730 3614 propterea
746 3524 836 3612 quod
852 3547 911 3612 ego
929 3524 1033 3590 scribo
1049 3547 1101 3591 res
1119 3545 1241 3590 omnes.

256 3641 396 3705 Factum
418 3642 518 3726 igitur
540 3653 602 3716 est,
638 3662 741 3726 quum
763 3639 852 3705 lesus
881 3639 1025 3704 audisset
1047 3639 1242 3728 Philippum,

168 3753 250 3819 dixit
272 3757 315 3820 ei:
346 3754 425 3819 audi
445 3753 611 3841 Philippo,
639 3767 679 3817 ut
706 3754 826 3842 loquar
853 3767 978 3830 tecum,
1009 3753 1100 3840 quod
1128 3753 1188 3818 tibi
1211 3765 1244 3818 et

169 3866 321 3932 Thomas
344 3880 377 3931 et
397 3868 584 3933 Maththaeo
609 3867 705 3933 datae
729 3882 805 3934 sunt
834 3889 894 3955 per
920 3871 1065 3954 primum
1086 3891 1243 3951 pompm

116 3995 144 4038 ss
171 3976 361 4043 scribendae
383 4002 435 4045 res
464 4004 593 4059 omnes,
626 4005 707 4070 quas
738 3981 844 4048 dicam
872 3993 906 4045 ct
935 4001 1016 4066 quas
1046 3977 1180 4052 faciam,
1210 3989 1244 4042 et

169 4113 223 4159 res
248 4113 370 4168 omnes,
394 4115 475 4180 quas
496 4095 655 4162 videbitis.
700 4095 757 4160 Tu
777 4115 857 4162 vero
881 4091 941 4176 (li)
959 4129 996 4142 -
1014 4088 1164 4156 nondum
1186 4088 1243 4155 nb·

252 4231 284 4294 4.
299 4233 430 4294 statuisti
445 4233 523 4313 (add.
539 4236 611 4296 mibi
624 4234 674 4312 P.)
715 4231 745 4294 7.
762 4253 855 4293 meam
869 4231 976 4292 sociam
990 4223 1135 4317 προβολην
1150 4231 1242 4309 (meas

168 4333 263 4395 socias
277 4327 427 4420 spadone
439 4335 490 4414 P.)
531 4337 583 4396 22.
598 4357 748 4421 pomptus
763 4337 932 4417 (μυστηριων
945 4331 994 4409 P.)
1036 4331 1086 4392 26.
1100 4351 1244 4414 progres-

168 4454 218 4495 sus
245 4455 311 4496 sum
332 4435 489 4520 (progredi
511 4435 598 4519 potui
619 4435 669 4516 Ρ.)
711 4433 762 4496 29.
785 4432 923 4515 Philippe
945 4432 1021 4514 (add.
1043 4455 1162 4519 μακαριι
1182 4431 1233 4509 Ρ.)
