3240 5328
963 475 1029 544 184

456 657 531 747 γιζιι
551 653 663 744 ψυχὴν
685 654 790 734 illam,
820 668 854 722 et
875 666 1128 742 autumpni
1150 652 1368 720 Melchisedelri
1388 663 1496 742 σφραγι-

455 772 542 860 ζουσι
559 768 670 858 dmm
692 771 798 847 illam,
827 783 861 836 et
883 768 981 834 ducet
1003 791 1076 834 eam
1102 772 1136 834 in
1159 755 1296 857 θησαυροὲ
1323 769 1451 848 luminis,
1474 783 1497 834 et

457 885 516 952 dat
537 886 675 973 gloriam
699 898 732 950 et
753 910 839 968 τιμην
863 896 897 948 et
922 884 1082 950 honorem
1108 885 1217 966 ὁμνων,
1246 897 1279 948 et
1300 905 1370 948 suas
1391 893 1497 967 σφριγι·

458 996 513 1072 δας
537 1021 651 1064 omnes
672 1025 768 1070 τοποις
792 997 944 1063 omnibus
969 996 1118 1073 luminis,
1149 1010 1182 1061 et
1208 996 1241 1062 hi
1265 999 1319 1084 qui
1345 995 1496 1082 (pertinent)

458 1113 502 1180 ad
523 1138 630 1184 rorent
658 1134 772 1178 omnes
801 1111 946 1197 θησαυρου
974 1111 1104 1176 luminis
1132 1110 1346 1198 σφραγιζουσιν
1368 1131 1430 1174 earn
1449 1110 1523 1172 suist

458 1235 637 1312 ansegiso,
676 1238 709 1290 et
741 1227 832 1288 venit
864 1227 898 1288 in
933 1251 1019 1290 rotor
1049 1237 1254 1310 κληρονομιως.
1311 1223 1394 1288 Haeo
1424 1225 1498 1308 igitir

343 1329 418 1403 993
460 1361 563 1425 quum
586 1365 678 1419 σωτημ
702 1337 835 1402 dixisset
858 1340 924 1403 suis
946 1337 1110 1422 μιθηταις,
1142 1337 1223 1402 dixit
1245 1339 1297 1402 iis:
1323 1363 1412 1412 rosiae,
1437 1357 1497 1421 quo·

458 1449 559 1516 modo
587 1451 759 1515 vobiscum
785 1451 924 1536 loquar?
968 1452 1146 1540 Progressa
1173 1454 1294 1516 iterum
1315 1451 1409 1514 illaria
1428 1449 1498 1512 dixit:
1559 1501 1560 1529 g

457 1568 587 1650 utique,
618 1567 665 1629 mi
688 1564 828 1639 domine,
857 1592 924 1640 νοω,
956 1565 1124 1652 quomodo
1153 1586 1285 1630 meeum
1311 1565 1454 1650 loquaris,
1476 1574 1500 1626 et

457 1679 700 1763 καταλαμβανω
723 1701 761 1744 ea
784 1681 903 1746 omnia.
944 1679 1037 1744 Nune
1060 1683 1159 1767 igitur
1175 1680 1217 1744 de
1239 1679 1288 1743 his
1311 1677 1417 1751 verbis,
1437 1697 1528 1761 quaer
1559 1691 1560 1766 ζ

460 1791 582 1868 dixisti,
605 1815 697 1858 meus
720 1821 783 1865 νους
806 1793 885 1858 iacit
908 1807 1051 1880 quatuor
1073 1820 1213 1876 omunia.
1234 1796 1269 1857 in
1290 1815 1357 1868 me,
1384 1805 1414 1856 et
1431 1811 1499 1854 meus

457 1907 566 1972 incola
588 1907 669 1971 lueis
692 1935 761 1993 ωγει
790 1921 823 1972 et
850 1907 976 1972 laetans
1006 1907 1121 1972 ebullit
1146 1912 1182 1972 in
1211 1931 1279 1986 me,
1307 1906 1411 1971 volens
1436 1906 1499 1968 exire
1559 1921 1560 2002 g

461 2043 501 2086 ex
529 2044 597 2098 me,
630 2034 663 2085 et
690 2024 802 2086 venire
830 2025 864 2086 in
891 2034 933 2086 te.
982 2022 1075 2087 Nunc
1103 2024 1203 2108 igitur
1236 2049 1293 2098 eor,
1322 2023 1365 2084 mi
1390 2018 1499 2090 domine,

460 2133 551 2210 audi,
576 2134 682 2200 dicam
705 2135 764 2199 tibi
781 2149 923 2221 quatuor
947 2163 1093 2217 νοημιτα,
1117 2157 1201 2222 quae
1228 2135 1313 2201 lacta
1335 2135 1499 2200 suntinme.
1559 2113 1560 2146 r

457 2246 605 2312 Primum
633 2276 688 2328 μεν
712 2275 823 2331 vonna,
855 2249 945 2335 quod
974 2248 1099 2314 factum
1133 2263 1183 2315 est
1211 2253 1249 2314 in
1279 2272 1330 2314 me
1359 2248 1395 2314 de
1414 2243 1526 2318 verbor

458 2358 550 2446 quod
566 2358 686 2424 dixisti:
710 2383 796 2424 nunc
818 2365 917 2448 igitur
938 2360 1034 2449 elom
1059 2363 1116 2428 dat
1139 2378 1310 2452 απολογιαν
1329 2377 1360 2428 et
1373 2359 1499 2448 rdpoyrla

459 2500 605 2560 omousii
622 2473 784 2550 omnibus,
799 2479 864 2562 ·qui
887 2478 920 2540 in
943 2503 1038 2546 τοπως
1053 2481 1137 2565 regis
1152 2477 1311 2556 Adamas,
1333 2492 1365 2544 et
1377 2459 1433 2542 *dat
1446 2499 1499 2538 an·

457 2599 566 2674 >leym
590 2602 623 2653 et
645 2617 729 2672 τιμην
753 2603 786 2653 et
808 2589 946 2674 gloriam
969 2615 1084 2656 eorum
1108 2593 1285 2682 σφραγιδων
1304 2595 1448 2664 omnium,
1466 2597 1499 2649 st·

459 2721 522 2784 que
545 2703 656 2776 ύμνους
673 2726 766 2766 renuo
786 2701 932 2768 luminis:
956 2704 996 2770 de
1012 2705 1114 2773 verbo
1132 2735 1188 2784 ουν,
1214 2707 1306 2794 quod
1320 2707 1418 2772 dixisti
1430 2700 1499 2766 nobis

459 2811 551 2889 olim,
583 2813 681 2879 allato
710 2814 769 2879 tibi
797 2829 917 2882 statere
945 2842 1047 2905 quum
1075 2820 1211 2886 vidisses
1244 2845 1319 2887 eum
1345 2830 1526 2907 argenteum!

460 2948 530 2992 esse
554 2940 763 3005 stanneum,
793 2932 1014 3019 interrogasti:
1044 2937 1135 2998 ouius
1159 2949 1209 3002 est
1231 2936 1311 3002 haec
1334 2932 1424 3001 simvl
1460 2929 1500 2992 Di·

457 3054 591 3108 xerunt:
615 3047 698 3131 regis
722 3057 780 3107 est
812 3045 925 3126 Quum
940 3045 1075 3112 vidisses
1099 3047 1129 3114 ds
1153 3071 1229 3114 eum
1256 3073 1325 3116 esse
1347 3058 1501 3135 argenteum
1560 3027 1561 3037 ἵ

459 3167 492 3218 et
514 3179 667 3234 aeneum,
691 3157 814 3222 dixisti:
839 3157 914 3224 date
936 3163 1139 3247 portionem,
1164 3185 1248 3250 quae
1274 3166 1368 3252 regis,
1390 3163 1455 3246 regi,
1471 3167 1499 3226 tl
1560 3201 1561 3254 i

458 3291 542 3356 quae
566 3270 627 3347 dei,
651 3270 723 3350 deo,
747 3271 838 3358 quod
861 3287 911 3338 est
931 3274 1010 3338 hoe:
1035 3298 1138 3360 quum
1152 3274 1248 3363 ψυχη
1274 3279 1424 3364 acceperit
1441 3295 1499 3351 μνσ·
1560 3259 1561 3264 ¹

342 3372 418 3445 994
456 3408 557 3469 raptor,
581 3384 638 3449 dat
660 3399 829 3473 απολογιαν
845 3414 991 3472 amoueo
1014 3389 1166 3456 omnibus
1189 3405 1223 3456 et
1243 3419 1326 3480 τοπῳ
1347 3393 1423 3479 regis
1435 3384 1527 3452 Atia-¹

456 3517 540 3570 mae,
565 3511 597 3560 et
620 3497 677 3562 dat
695 3497 792 3590 ψυχη
808 3528 894 3580 τιμην
918 3515 951 3566 et
973 3502 1110 3589 gloriam
1132 3505 1182 3572 his
1206 3509 1262 3592 qui
1286 3501 1455 3596 (pertinent)
1470 3493 1498 3560 al

455 3631 563 3678 τοπους
578 3629 691 3674 omnes
711 3610 858 3689 luminis3
886 3627 921 3677 et
941 3616 1095 3684 verbum:
1120 3619 1294 3707 splenduit,
1318 3641 1414 3708 quum
1432 3611 1497 3678 ride·

455 3741 509 3788 ret
533 3743 609 3786 eum
632 3736 822 3810 argenteum
846 3739 879 3790 et
901 3750 1053 3810 aeneum,
1080 3735 1141 3798 iste
1165 3747 1215 3798 est
1236 3762 1326 3806 τυπος
1347 3736 1446 3799 huius:
1465 3734 1498 3790 est

456 3838 506 3904 vis
529 3836 660 3903 luminis
682 3841 717 3904 in
740 3861 789 3918 eo,
814 3863 898 3928 quae
922 3857 972 3908 est
993 3861 1164 3934 argentum
1180 3849 1344 3925 selectum,
1367 3861 1452 3933 atque
1464 3849 1498 3904 est

453 3951 489 4016 in
512 3975 551 4018 ee
574 3979 923 4044 autumniautumni,
947 3960 1038 4046 quod
1053 3974 1103 4026 est
1122 3985 1177 4028 ees
1192 3967 1309 4044 ύλικονς
1332 3966 1435 4048 utique
1446 3956 1526 4024 hot*

537 4115 567 4174 3.
588 4137 652 4177 suns
675 4117 747 4195 (del.
770 4120 889 4195 „suas”
911 4120 960 4192 P.)
1024 4124 1071 4184 10.
1092 4119 1311 4192 καταλαμβανω
1333 4109 1497 4203 (unrnlnssvl

452 4209 504 4289 P.)
561 4215 610 4274 19.
638 4217 674 4278 de
695 4218 788 4280 verbo
810 4220 861 4297 (de
882 4219 937 4282 illo
959 4222 1050 4284 verbo
1072 4224 1123 4302 P.)
1185 4225 1236 4286 22.
1266 4245 1329 4287 esse
1354 4229 1495 4306 argenteon

453 4321 486 4371 et
505 4331 629 4375 aeneum
650 4321 730 4394 (esse
750 4321 873 4382 mixtum
896 4341 931 4383 ex
951 4335 1078 4408 argento
1099 4337 1132 4387 et
1145 4345 1213 4388 aere
1235 4327 1282 4405 P.)
1322 4323 1370 4386 26.
1390 4321 1429 4382 bis
1445 4315 1495 4390 (lo-

447 4429 519 4474 rum
540 4409 589 4492 P.)
644 4413 694 4478 27.
715 4442 819 4486 τοπους
840 4424 938 4502 (soror
959 4423 1010 4504 Ρ.)
1070 4425 1120 4486 29.
1141 4447 1216 4508 quae
1244 4427 1309 4511 (qui
1329 4447 1356 4488 v.
1377 4417 1445 4506 quod
1460 4409 1496 4488 P·)
