3296 5354
671 437 692 500 9

142 619 198 704 qui
231 617 266 680 in
294 640 417 702 κοσμῳ,
449 627 636 679 sumserunt
665 611 776 703 ψυχην
798 613 840 680 ab
871 641 999 702 αρχουσι
1021 643 1076 686 των
1101 645 1217 688 armar·
1269 652 1275 663 ·

140 729 200 794 Vis
225 741 337 794 autem
360 725 424 816 (ds),
449 749 535 814 quac
559 730 664 792 estin
678 728 786 804 vobis,
811 752 896 795 cmc
913 744 971 796 est.
1002 730 1122 797 Vestra
1135 756 1215 800 vcro

140 840 199 924 (de)
218 839 315 930 ψυχη
338 843 481 929 pertinet
502 840 545 905 ad
569 841 782 906 altitudinem.
817 841 948 908 Adduxi
971 844 1143 911 duodecim
1158 875 1216 914 σω-

139 982 229 1042 rapat
251 983 302 1022 πυ
329 955 473 1040 θησαυριυ
504 955 599 1032 lucis,
631 977 713 1041 quas
744 960 845 1020 suntsi
876 979 893 1022 e
923 986 1004 1045 μερει
1035 982 1127 1025 meae
1157 964 1217 1037 vis,

110 1095 123 1134 s
142 1093 242 1157 quam
266 1072 376 1157 accepi
396 1072 547 1157 primam.
577 1068 622 1134 Et
641 1092 745 1155 quum
759 1074 920 1136 venissem
943 1075 1068 1138 intrans
1091 1077 1125 1136 in
1147 1101 1216 1139 κοσ-

139 1211 212 1269 pat,
242 1187 318 1249 veni
346 1186 381 1247 in
409 1183 554 1248 medium
583 1209 733 1266 αρχοντων
753 1193 902 1270 repauso,
934 1186 1045 1250 similis
1075 1185 1217 1252 Gabrieli

141 1311 270 1384 αγγελῳ
298 1323 420 1372 atavam,
457 1319 564 1382 neque
595 1311 819 1383 cognoverunt
848 1321 901 1362 me
932 1324 1073 1385 αρχοντες
1101 1327 1216 1376 armata,

142 1410 201 1477 sed
224 1415 341 1493 (ωλλα)
363 1409 598 1498 opinabantur,
620 1433 674 1476 me
698 1433 768 1477 esse
793 1410 978 1477 Gabrielem
1001 1426 1143 1498 αγγελον.

231 1524 369 1590 Factum
390 1527 489 1610 igitur
517 1539 581 1600 est,
616 1547 719 1611 quum
740 1528 903 1590 venissem
932 1529 967 1590 in
995 1526 1141 1592 medium
1163 1555 1216 1614 ap·

99 1665 125 1706 1⁰
141 1665 255 1723 χοντων
278 1644 358 1721 (των)
379 1666 499 1716 ututur,
530 1639 666 1703 intuitus
691 1638 831 1726 desuper
852 1642 886 1703 iu
915 1667 1023 1722 κοσμον
1045 1639 1217 1706 hominum

139 1775 199 1842 per
221 1767 357 1818 κελευσιν
385 1755 482 1840 primi
504 1779 681 1838 μυστηριου,
710 1756 819 1816 inveni
845 1752 1047 1818 Elisabetam
1076 1768 1215 1820 matrem
1314 1773 1318 1781 ’

139 1867 293 1934 lobannis
318 1867 481 1955 baptistae
506 1868 701 1949 (βαπτιςου),
729 1879 906 1953 antequam
923 1881 1116 1955 conceperat
1131 1891 1216 1934 eum.

138 1981 247 2047 Insevi
269 1985 337 2046 vim
364 1984 399 2045 in
428 2003 515 2059 eam,
546 2004 647 2069 quam
677 1983 785 2068 accepi
809 2004 829 2044 a
857 2002 962 2067 parvo
992 1991 1067 2058 lau,
1098 1981 1216 2070 αγωθῳ,
1261 2010 1267 2033 ⁸

144 2097 200 2181 qui
224 2098 329 2160 estin
351 2094 474 2172 medio,
507 2109 546 2160 ut
567 2109 679 2183 posset
702 2088 890 2182 praedicare
918 2109 994 2162 aute
1016 2118 1081 2172 me,
1105 2110 1137 2160 et
1157 2119 1216 2184 pa·

100 2236 126 2276 rs
143 2223 234 2273 raret
255 2231 363 2272 meam
385 2212 484 2286 viam,
508 2223 541 2275 et
562 2208 745 2297 baptizaret
770 2211 923 2296 (βαπτιζε)
945 2233 1033 2298 aqua
1053 2213 1217 2274 remissio·

142 2345 215 2388 nem
237 2337 457 2411 peccatorum.
505 2323 562 2388 Vis
585 2327 684 2411 igitur
705 2324 762 2388 illa
784 2337 834 2388 est
856 2326 890 2389 in
913 2351 1033 2406 σωματι
1055 2323 1217 2390 Iohannis.

141 2435 249 2524 Atque
274 2441 372 2502 etiam
395 2441 429 2503 in
451 2437 525 2503 loco
548 2435 659 2525 doxae
682 2465 848 2520 αρχοντων,
878 2437 1040 2503 destinato
1070 2437 1113 2503 ad
1136 2441 1218 2502 acci·

142 2551 296 2638 piendam
319 2574 408 2630 earu,
433 2555 543 2616 inveni
565 2549 675 2639 ψυχην
698 2553 810 2617 Heliae
832 2554 1013 2642 prophetae
1038 2556 1216 2638 (προφητου)

141 2668 175 2730 in
198 2692 284 2733 asam
303 2676 447 2754 σφαιρας,
472 2679 505 2730 et
527 2669 628 2730 sumsi
644 2690 728 2744 eum,
753 2681 785 2732 et
797 2669 905 2754 accepi
923 2671 991 2732 eius
1007 2663 1118 2752 doxae
1135 2689 1216 2753 quo·

100 2807 126 2848 nn
145 2803 224 2866 quc,
247 2780 326 2844 duxi
349 2803 423 2845 eam
444 2783 479 2843 in
501 2780 635 2866 παρθενον
658 2781 752 2858 lucis,
776 2794 810 2845 et
832 2779 935 2867 (haec)
952 2779 1042 2846 dedit
1058 2803 1131 2846 eam
1150 2783 1217 2846 suis

142 2907 424 2979 παρωλημπτορσιν,
460 2894 539 2980 (qui)
564 2894 729 2960 duxerunt
752 2917 824 2959 eam
851 2895 885 2957 in
908 2902 1043 2979 σφαιρων
1069 2921 1218 2979 amacura

147 3021 182 3070 et
203 3007 384 3071 intulerunt
406 3030 479 3072 eam
500 3010 535 3072 in
556 3020 688 3072 uterum
710 3006 905 3072 Elisabetae.
943 3006 1002 3070 Vis
1026 3020 1137 3071 autem
1160 3005 1217 3090 (δε)

144 3124 241 3210 parvi
264 3130 333 3196 teo,
356 3121 460 3198 buius,
485 3124 541 3209 qui
562 3125 596 3185 iu
618 3146 713 3207 μεσῳ,
738 3133 771 3184 et
791 3118 887 3207 doxa
902 3119 1015 3185 Heliae
1038 3119 1218 3208 prophetae

144 3240 332 3324 (προφητιυ),
355 3237 472 3323 ligatae
488 3248 565 3301 sunt
582 3238 616 3298 in
631 3261 752 3318 σωματι
767 3234 919 3300 Iohannis
935 3233 1096 3321 baptistae
1120 3235 1218 3316 (βωτ-

101 3379 127 3420 u
145 3358 251 3432 τιςου).
282 3350 421 3438 Propter
443 3351 506 3415 hoc
528 3353 626 3437 igitur
646 3347 852 3414 dubitavistis
874 3362 1038 3438 tempore,
1061 3371 1128 3436 quo
1152 3347 1218 3414 dixi
1273 3345 1320 3418 13

146 3463 255 3529 vobis:
280 3464 360 3529 dixit
380 3464 559 3530 Iohannes:
583 3486 643 3551 ego
666 3487 735 3530 non
758 3487 831 3529 sum
855 3463 1017 3540 Christus,
1049 3477 1148 3552 atque
1171 3463 1219 3530 di·

144 3582 236 3644 xistis
258 3581 352 3644 mihi:
387 3583 545 3666 scriptum
575 3592 624 3643 est
653 3581 687 3643 in
714 3588 836 3670 γραφῃ,
868 3581 895 3644 si
918 3578 1065 3646 Christus
1094 3582 1221 3645 venerit

145 3694 336 3782 adgressus,
365 3697 457 3758 venit
478 3691 588 3757 Helias
613 3705 687 3757 ante
711 3716 796 3772 eum,
820 3707 853 3758 et
877 3694 1008 3783 parabit
1030 3698 1099 3760 eius
1121 3699 1220 3760 viam.

143 3808 217 3894 Ego
240 3830 321 3872 vero
350 3805 423 3889 (ie),
457 3830 560 3895 quum
589 3805 748 3872 dixissetis
779 3808 859 3872 mihi
887 3806 985 3884 haec,
1016 3807 1082 3871 dixi
1111 3807 1218 3871 vobis:

102 3949 129 3992 ao
147 3922 239 3984 venit
262 3919 395 4003 quidem
417 3925 498 4004 (μιν)
522 3919 642 3996 Helias,
666 3933 699 3985 ct
727 3923 857 4009 paravit
885 3942 938 3985 res
969 3941 1082 3983 omnes
1106 3939 1219 3984 secun·

149 4031 230 4097 dum
253 4037 361 4114 (aare)
389 4034 527 4100 modum
550 4039 722 4122 scriptum3
752 4047 785 4099 et
807 4034 957 4100 iecerunt
979 4034 1016 4108 ei,
1048 4034 1132 4096 sicut
1160 4053 1220 4098 vo·

229 4181 260 4242 3.
284 4195 437 4244 corrector
458 4184 548 4270 tegit:
571 4184 728 4246 duodecim
749 4184 827 4244 vires
849 4181 908 4241 XII
928 4205 1066 4267 σωτηρων.
1118 4177 1150 4242 5.
1173 4202 1221 4245 ac·

146 4281 212 4362 cepi
234 4284 497 4366 (‚‚accepernnt’';
524 4285 583 4348 nisi
604 4284 684 4347 sorte
705 4283 818 4344 aratr‘c'
836 4281 987 4364 „accepi”
1009 4281 1169 4367 legendum
1190 4283 1222 4346 in

144 4391 230 4442 textu
252 4405 308 4465 pro
330 4387 454 4446 ann?
473 4384 524 4465 P.)
567 4385 617 4446 15.
641 4383 847 4448 remissionem
869 4381 1068 4463 (remissionis
1089 4383 1140 4462 P.)
