3296 5354
688 475 732 544 43

166 679 247 748 gens
272 654 379 722 adhue
401 653 492 722 lesus
514 657 549 720 in
572 677 723 724 sermone
746 655 827 724 dixit
849 661 916 726 suis
943 655 1104 747 miseere:
1132 661 1246 731 Perre.

165 776 216 838 xit
243 769 351 836 adhue
381 795 479 842 τιστις
505 777 604 858 eoque
630 773 665 836 in
695 785 814 859 quarta
842 799 987 862 μπωνοιᾳ.
1026 775 1135 842 dicens
1163 800 1246 856 eam,

167 899 348 972 antequam
369 882 487 962 ιθλιβον
510 906 584 950 eam
607 884 710 951 altera
732 890 816 963 viee,
845 900 886 950 ut
908 887 1076 954 auferrent
1104 893 1173 956 eius
1195 892 1246 956 lu·

167 1022 245 1066 men
268 1012 387 1075 totum,
411 996 503 1084 quod
524 1001 559 1062 in
582 1019 630 1077 ea,
651 1003 702 1064 vis
726 1022 803 1064 eum
824 1000 907 1066 facie
928 1001 1032 1068 leonis
1048 1016 1082 1067 et
1095 1004 1246 1084 προβολωι

123 1139 137 1178 r
171 1117 413 1180 omnesomnes
437 1133 620 1198 quaecum
644 1134 696 1191 ea,
725 1135 806 1200 quas
830 1112 960 1190 aeduine
982 1120 1071 1182 misit
1098 1121 1133 1182 in
1155 1143 1246 1204 χιιας,

173 1265 210 1280 -
238 1226 320 1292 dixit
340 1228 440 1313 igitur
461 1225 546 1291 hane
572 1253 731 1313 μπωνοιαν
760 1229 824 1294 hoe
853 1227 969 1295 modo:
999 1229 1165 1308 „Lumen,
1195 1236 1247 1298 cui

171 1340 309 1418 credIdi‚
332 1339 409 1405 audi
423 1362 532 1406 meam
546 1367 715 1426 asseveras,
739 1355 773 1407 et
792 1363 867 1407 mea
885 1365 953 1408 vox
967 1346 1079 1408 venito
1094 1347 1129 1408 in
1150 1358 1247 1412 tuum

170 1453 403 1520 habitaculum.
448 1453 496 1519 Ne
518 1468 611 1520 verte
632 1469 727 1519 tuam
749 1482 845 1524 suxere
867 1456 999 1522 luminis
1023 1479 1043 1521 a
1064 1479 1131 1535 me,
1156 1471 1247 1526 αλλα.

172 1579 265 1634 verte
289 1571 431 1634 animum
452 1571 488 1632 in
510 1590 573 1646 me,
597 1591 700 1656 qutun
724 1569 870 1656 affligant
884 1592 947 1636 me.
986 1571 1129 1649 Festina,
1152 1595 1247 1640 serva

117 1708 145 1749 ro
172 1705 227 1748 me
256 1694 420 1769 tempore,
444 1704 510 1768 quo
534 1682 683 1748 clamabo
707 1705 838 1748 sursum
865 1683 909 1748 ad
935 1696 986 1762 te;
1016 1684 1108 1771 quod
1135 1708 1248 1754 meum

170 1810 300 1884 tempus
325 1795 434 1862 deficit
455 1799 540 1861 sicut
560 1796 696 1875 nebula,
720 1810 753 1862 et
772 1797 859 1862 facta
878 1820 954 1862 sum
967 1800 1036 1870 ύλη.
1072 1797 1247 1866 Abstulera

169 1933 282 1976 meum
303 1910 416 1975 lumen
437 1911 532 1987 mihi,
557 1925 591 1976 et
611 1934 687 1977 mea
708 1913 758 1976 vis
782 1914 917 1976 exaruit
958 1910 1073 1977 Oblita
1087 1935 1160 1978 sum
1182 1916 1248 1978 mei

171 2051 343 2110 μυπηριου,
373 2047 438 2111 quo
468 2025 582 2090 funeta
610 2049 685 2091 sum
714 2025 755 2090 ab
778 2029 879 2092 initio.
923 2025 1007 2118 Prae
1036 2027 1178 2092 clamore
1205 2030 1247 2092 ti-

173 2141 275 2204 moris
299 2152 332 2204 et
352 2141 401 2204 vis
425 2138 568 2210 ertatem
590 2140 709 2207 defecit
729 2163 804 2206 mea
825 2143 876 2206 vis
898 2143 933 2204 in
954 2163 1017 2205 me.
1052 2141 1153 2205 Facta
1173 2163 1248 2208 sum

120 2278 147 2319 rs
176 2255 260 2317 sieut
281 2251 348 2324 rius
366 2251 479 2337 derum·
500 2253 651 2319 habitans
674 2258 709 2319 in
730 2257 806 2346 ὑλῃ,
835 2257 871 2320 in
901 2277 967 2340 quo
994 2255 1086 2320 nulia
1110 2255 1183 2332 lux,
1215 2268 1248 2322 et

172 2367 260 2432 facta
283 2390 357 2432 sum
379 2371 463 2434 sicut
485 2394 642 2454 ωντιμιμον
660 2393 845 2456 πνευματος,
881 2368 972 2454 quod
995 2382 1044 2434 est
1070 2372 1105 2432 in
1127 2393 1248 2455 σωμωτι

171 2484 283 2570 dieuco,
313 2484 349 2548 in
372 2505 438 2570 quo
461 2482 553 2548 nulla
574 2486 625 2548 vis
646 2483 794 2562 luminis;
827 2495 860 2547 et
887 2481 975 2548 iacta
997 2505 1071 2548 sum
1095 2486 1178 2548 sicut
1200 2481 1246 2550 de-

171 2622 258 2669 aevot
279 2599 314 2662 in
336 2623 412 2683 aspa
436 2596 534 2662 solus.
571 2593 714 2685 Εθλιψαιν
734 2619 787 2664 me
809 2596 907 2664 valde
922 2599 1071 2684 προβολοιι
1091 2596 1247 2670 avdadoos.

170 2711 216 2778 Et
238 2711 320 2778 dixit
347 2710 438 2799 apud
467 2733 500 2776 se
529 2733 604 2776 mea
633 2713 789 2800 συνζυγοςτ
819 2712 893 2777 loco
917 2712 1064 2790 luminis,
1096 2712 1186 2799 quod
1214 2717 1249 2778 in

120 2851 147 2892 x
174 2848 221 2903 ea,
243 2826 464 2915 impleverunt
486 2848 559 2890 eam
583 2826 673 2891 chao.
704 2827 869 2892 Devoravi
893 2825 1049 2891 sudorem
1066 2829 1141 2901 ὑλης
1155 2849 1248 2892 meae

172 2942 275 3027 ipsius
306 2936 338 3004 et
366 2961 522 3026 angorem
549 2939 758 3005 lacrimarum
786 2942 862 3014 ύλης
887 2961 1039 3004 meorum
1067 2940 1248 3018 oculorum,

175 3065 277 3118 utne
300 3052 466 3118 auferrent
486 3055 567 3120 haee
590 3054 654 3118 alia
676 3055 708 3141 (i.
725 3074 752 3118 e.
774 3051 917 3138 residua)
940 3053 988 3128 hi,
1020 3054 1076 3137 qui
1099 3052 1249 3138 affligunt

175 3187 239 3230 me.
288 3166 378 3231 Haeo
401 3171 523 3245 omnia,
553 3169 678 3245 lumen,
707 3166 796 3233 iacta
818 3180 896 3232 sunt
916 3167 1010 3243 mihi,
1039 3179 1099 3230 tuo
1123 3179 1247 3232 statuto
1300 3163 1349 3238 64

177 3293 211 3346 et
232 3293 291 3347 tuo
313 3285 420 3361 iussu3
443 3295 477 3348 et
490 3297 586 3348 tuum
601 3295 763 3348 statutum
778 3295 836 3358 est,
859 3295 899 3346 ut
914 3283 975 3346 sim
989 3284 1023 3344 in
1037 3281 1097 3344 his.
1136 3279 1249 3348 Tuum

122 3423 149 3464 ss
177 3407 337 3462 statutum
366 3396 458 3462 duxit
483 3419 536 3463 me
566 3396 610 3462 ad
635 3396 816 3474 iniemtun,
847 3409 880 3462 et
907 3399 982 3462 veni
1012 3394 1055 3460 ad
1083 3393 1250 3470 infernum

175 3512 269 3576 sicuti
291 3515 340 3578 vis
364 3513 473 3578 chaus.
503 3511 614 3598 Atque
636 3534 711 3578 mea
732 3515 782 3578 vis
806 3511 1024 3598 congelaseuit
1045 3513 1080 3575 in
1101 3533 1164 3576 me.
1194 3509 1250 3577 Tu

172 3623 219 3704 de,
244 3625 390 3704 domine,
417 3639 456 3690 tu
479 3648 513 3692 es
535 3626 647 3692 lenden
670 3649 775 3714 usque
799 3626 842 3692 ad
865 3640 1049 3703 aeternum,
1079 3639 1178 3714 atque
1199 3629 1249 3692 vi·

173 3743 251 3806 sitas
274 3741 415 3806 afflictos
439 3743 528 3807 omni
551 3753 709 3831 tempore.
753 3741 847 3807 Nune
868 3745 976 3829 igitur,
999 3742 1120 3818 lumen,
1144 3761 1249 3827 surge,

176 3875 315 3938 quaeras
337 3877 447 3920 meam
469 3858 539 3921 vim
561 3870 596 3922 et
616 3853 741 3943 ψυχην,
771 3879 855 3942 quae
882 3857 917 3918 in
941 3878 1006 3920 me.
1050 3853 1250 3919 Absolutum

122 3991 150 4034 eo
177 3978 228 4030 est
250 3979 345 4031 tuum
369 3981 545 4046 statutum,
574 3969 665 4056 quod
686 3973 827 4034 statuisti
849 3969 928 4033 mihi
950 3971 985 4031 in
1006 3969 1085 4032 meis
1102 3963 1249 4052 θλιψεσιν.

175 4079 287 4146 Meum
302 4093 432 4170 tempus
448 4083 573 4151 fartum
589 4097 646 4161 est,
669 4097 708 4149 ut
723 4105 861 4171 quaeras
881 4103 990 4146 meam
1004 4083 1073 4145 vim
1095 4091 1128 4143 et
1141 4100 1251 4146 meam

174 4191 302 4284 ψυχηνς
327 4209 360 4264 et
381 4197 444 4264 hot
467 4213 517 4266 est
539 4214 680 4287 tempus,
703 4195 793 4284 quod
814 4197 954 4262 statuisti
971 4193 1013 4258 ad
1029 4193 1251 4280 quaerendam

257 4329 308 4391 18.
332 4330 351 4390 Ι.
372 4355 432 4417 aser
454 4333 488 4393 Ρ.
553 4333 602 4393 19.
625 4351 689 4393 mea
709 4332 807 4409 (meus
825 4328 873 4398 Ρ.)
934 4325 985 4388 26.
1010 4327 1173 4412 „gelavit”
1194 4347 1251 4410 pro

175 4431 420 4514 „congelaseuit”
442 4433 476 4494 P.
