3240 5328
876 535 878 540 ,
916 441 982 510 20⁰

413 639 517 696 τνλιις
539 625 681 702 luminis.
705 634 738 690 et
760 643 828 688 non
849 632 961 710 potest
984 621 1159 706 quisquam
1180 623 1303 685 intrare
1326 632 1384 684 sut
1401 623 1488 706 quis-

414 761 516 828 quam
544 741 631 804 exire
660 736 735 802 inde
759 733 800 801 ab
830 735 893 800 hoe
919 748 1079 824 tempore.
1123 743 1233 818 Ψυχιι
1253 760 1300 799 ουν
1327 733 1402 799 illae
1429 756 1488 798 vo·

415 853 537 920 cnbunt
563 856 651 916 intus
679 853 715 916 in
743 863 846 916 πυλωι
872 849 1002 913 luminis
1033 845 1193 913 dicentes:
1222 847 1370 923 domine,
1402 850 1488 934 aperi

414 968 519 1036 nobis.
569 967 799 1053 Responsurus
829 962 934 1026 dicam
962 965 1014 1026 iis:
1042 965 1158 1048 ignoro
1186 983 1261 1039 vos,
1295 959 1383 1026 unde
1412 962 1486 1038 sitis

416 1094 449 1148 et
465 1081 573 1146 dicent
594 1079 687 1142 mihi:
710 1079 893 1164 accepimus
918 1099 934 1142 e
957 1079 1022 1142 tuis
1044 1100 1213 1158 μυστηριοις
1235 1088 1268 1140 et
1289 1073 1486 1138 absolvimus
1519 1098 1530 1136 ι

416 1206 510 1258 tuam
534 1193 716 1256 doctrinam
739 1211 881 1266 omnem,
904 1204 1003 1275 atque
1020 1187 1159 1252 docuisti
1183 1210 1243 1252 nos
1265 1190 1300 1252 in
1323 1202 1488 1264 πλιτειαιςς

417 1320 451 1376 et
472 1327 690 1392 responsurus
714 1302 820 1368 dicam
843 1305 896 1367 iis:
926 1304 1040 1390 ignoro
1067 1323 1142 1377 vos,
1173 1303 1307 1386 quinam
1331 1304 1416 1376 sitis,
1443 1300 1489 1364 fn-
1599 1328 1603 1337 ·

417 1421 536 1484 cientes
567 1443 694 1500 ωνομιαν
723 1429 757 1482 et
789 1417 915 1480 malum
951 1414 1004 1486 ἕως
1036 1437 1140 1501 usque
1175 1413 1218 1478 nd
1252 1416 1315 1478 hoo
1351 1427 1489 1501 tempus
1597 1382 1602 1425 Ι

302 1521 377 1596 319
416 1531 556 1619 Propter
578 1531 640 1596 hoo
663 1533 707 1596 ite
736 1533 770 1594 in
794 1531 960 1616 caliginem
985 1542 1168 1604 externnm3
1199 1541 1297 1614 atque
1326 1528 1383 1592 iila
1410 1528 1490 1592 bore

416 1648 549 1711 venient
569 1647 605 1710 in
627 1645 795 1731 caliginem
819 1657 1001 1720 externam,
1033 1641 1090 1708 ubi
1119 1655 1169 1708 est
1189 1641 1284 1706 fletus
1314 1655 1348 1706 et
1370 1640 1490 1706 stridor
1513 1665 1531 1706 e

418 1757 574 1828 dentium.
630 1759 769 1843 Propter
798 1757 860 1822 hoc
889 1759 987 1844 igitur
1022 1783 1069 1822 ουν
1096 1781 1255 1840 uaporem
1278 1781 1387 1840 κοσμῳ
1416 1757 1490 1819 toti:

1599 1808 1604 1875 i

418 1869 514 1940 dicite
542 1853 601 1936 iis:¹
625 1885 769 1959 pugnate
791 1870 901 1949 vobis;
931 1895 1118 1936 exorarem
1141 1895 1247 1954 κοσμῳ
1276 1871 1338 1934 toti
1370 1881 1405 1932 et
1432 1873 1490 1960 ὐλῃ
1600 1882 1604 1923 t

419 1988 523 2061 omni,
553 1988 693 2071 quaein
716 2007 772 2063 eo,
799 1997 839 2050 ut
860 1986 1023 2071 accipietis
1045 2009 1198 2067 μυστηριι
1224 1983 1371 2058 luminis,
1401 1995 1492 2046 anu-

419 2121 518 2184 qunm
547 2099 700 2186 impletus
730 2102 770 2164 sit
799 2097 918 2180 αριθμος
937 2097 1053 2182 doxon
1074 2111 1204 2174 renuam,
1231 2109 1270 2160 ut
1297 2118 1338 2160 ne
1367 2109 1493 2184 ponent

417 2232 478 2276 vos
502 2225 578 2276 ante
601 2227 697 2284 τυλην
720 2212 850 2276 luminis
875 2223 908 2275 et
935 2214 1068 2274 mittant
1088 2233 1149 2276 vos
1177 2213 1211 2274 in
1239 2210 1408 2296 caliginem
1437 2232 1490 2274 ex·
1514 2233 1532 2272 e

416 2335 554 2387 ternam.
599 2323 692 2387 Nune
716 2326 813 2410 igitur
837 2351 884 2388 ror
908 2328 959 2388 cui
983 2338 1060 2388 srmt
1089 2346 1183 2389 aures
1212 2322 1255 2386 ed
1283 2322 1491 2398 audiendum,

418 2435 540 2506 andito.
583 2437 673 2502 Haec
695 2439 794 2524 igitur
817 2458 920 2523 quum
944 2437 1077 2502 dixisset
1099 2464 1201 2514 σωτηρ,
1223 2459 1398 2524 progressa
1419 2459 1492 2502 rur·

419 2572 474 2616 sus
498 2551 600 2616 Maria
623 2549 717 2616 dixit:
741 2554 786 2614 mi
810 2551 950 2628 domine,
976 2578 1008 2617 ου
1026 2579 1114 2636 μονον
1138 2565 1214 2614 sunt
1238 2573 1332 2618 aures
1352 2573 1428 2615 mee
1445 2554 1491 2616 in·
1600 2557 1606 2623 Ι

418 2662 508 2727 colae
523 2664 614 2738 lucis,
638 2663 709 2728 αλλ’
728 2662 853 2728 audivit
867 2686 941 2728 mea
956 2661 1052 2752 ψυχη
1075 2679 1109 2730 et
1123 2692 1232 2736 erasm
1249 2664 1350 2728 verba
1373 2667 1491 2740 omnia,

318 2839 320 2844 ,
419 2796 503 2859 quae
528 2773 615 2841 dicis.
660 2776 752 2842 Nunc
775 2779 874 2864 igitur
898 2805 954 2854 nvn,
977 2781 1022 2842 mi
1046 2777 1187 2854 domine,
1210 2777 1250 2843 de
1265 2778 1384 2854 verbis,
1409 2800 1491 2864 quer
1513 2800 1533 2840 e

418 2885 541 2956 dixisti:
572 2916 730 2970 κηρυσσετι
760 2890 946 2958 hominibus
977 2919 1103 2975 κοσμον,
1139 2892 1234 2956 dicite
1263 2894 1317 2966 iis,
1347 2905 1492 2978 pugnate

416 3000 526 3078 vobis,
550 3005 684 3090 accipite
707 3031 857 3086 μυστηρια
884 3004 1015 3070 luminis
1038 3005 1100 3069 hoe
1124 3018 1272 3092 tempore
1295 3005 1433 3081 afflicto,
1458 3018 1495 3069 ut

416 3127 652 3198 κληρονομησητι
675 3139 812 3203 regnum
834 3118 974 3182 luminis.
1008 3119 1149 3205 Pergens
1173 3118 1279 3182 adbuc
1294 3119 1398 3182 Maria
1414 3117 1494 3184 dixit

416 3223 506 3292 Iesu:
535 3231 579 3293 mi
603 3228 748 3307 domine,
778 3253 922 3317 quonam
945 3257 1030 3318 τυπῳ
1053 3245 1103 3298 est
1125 3232 1227 3319 caligo
1251 3232 1406 3297 externa?
1436 3244 1493 3296 eut

418 3355 501 3428 quot
523 3342 596 3406 ioca
619 3358 772 3412 κολασεως
796 3348 928 3408 suntin
951 3345 1010 3409 ea?
1047 3344 1260 3433 Respondeas
1284 3347 1315 3410 δε
1337 3345 1429 3411 lesus
1447 3344 1491 3411 di·
1515 3369 1536 3410 x
1608 3334 1613 3435 ξ

356 3509 377 3547 κ
418 3456 467 3515 xit
482 3454 619 3520 Mariae:
644 3458 746 3544 caligo
764 3471 897 3523 externa
913 3480 1049 3545 magnus
1066 3459 1179 3543 ipanus
1194 3473 1253 3535 est,
1276 3461 1368 3524 euius
1388 3459 1493 3526 caude
1610 3444 1614 3477 ’

373 3561 374 3565 ’
417 3564 451 3628 in
474 3585 534 3627 suo
560 3588 631 3642 ore,
655 3584 705 3632 est
727 3583 820 3633 extra
842 3598 953 3654 κοσμον
976 3586 1100 3650 toturn,
1124 3586 1157 3637 et
1180 3572 1360 3638 circumdat
1383 3599 1494 3650 meurs

416 3685 534 3739 totum.
573 3676 659 3742 Sunt
680 3681 774 3744 multi
797 3707 878 3747 τοποι
899 3711 1017 3770 xperior
1039 3689 1074 3750 in
1089 3709 1139 3762 eo,
1161 3686 1301 3752 habente
1319 3685 1494 3751 duodecim
1609 3744 1613 3763 ,

301 3782 378 3858 320
416 3815 531 3873 ταμειαι
549 3803 702 3866 nonarius
725 3793 817 3860 dura.
864 3795 926 3866 Est
952 3825 1055 3880 ωρχων
1082 3801 1116 3862 in
1141 3802 1257 3885 quovis
1280 3823 1413 3886 τιμειᾳς
1446 3813 1495 3866 est

415 3902 515 3969 series
539 3932 689 3989 αρχοντων
710 3911 802 3972 veria
824 3911 908 3974 inter
932 3933 966 3974 se
988 3913 1136 3976 invicem.
1180 3911 1309 3976 Primus
1333 3911 1364 3978 de
1388 3941 1495 3996 ιρχω
1516 3935 1538 3976 ι

340 4004 365 4056 ³*
418 4021 557 4086 existens
580 4021 615 4085 in
636 4023 744 4108 primo
766 4048 882 4110 ταμειῳ
906 4037 956 4087 est
978 4023 1059 4090 faeie
1078 4025 1246 4104 crocodili,
1270 4029 1361 4090 euius
1387 4027 1494 4092 caude

423 4339 428 4344 Ι
497 4261 549 4324 12.
571 4286 751 4328 αποτασπτι
773 4264 978 4345 (αποτασσεθε
999 4269 1047 4346 Ρ.)
1104 4269 1156 4330 28.
1184 4294 1301 4357 κρισιως
1321 4269 1384 4348 (vel
1406 4296 1495 4357 „reqi-

414 4355 511 4416 onum”
533 4359 581 4438 P.)
638 4362 688 4424 29.
716 4373 862 4430 κολασιως
883 4367 955 4432 dura
981 4367 1044 4452 (vei
1066 4379 1238 4450 ,μολαπων
1259 4369 1420 4458 durarnffl
1444 4371 1496 4448 P.)
