3254 5340
620 476 686 545 143

115 661 203 750 quod
225 685 383 746 μυστηρων
405 657 488 723 illud
512 670 561 723 est
584 662 773 725 constitutio
798 671 913 726 eorum
942 667 1105 742 omnium,
1141 677 1190 731 at·

115 799 178 864 que
213 801 371 858 μυπκριον
400 771 577 837 ineffabilis
608 772 693 838 illius
723 774 862 839 verbum
896 799 1028 863 quoque
1057 783 1190 844 unicum

116 905 176 968 est,
201 889 289 954 aliud
313 890 419 953 estin
448 887 559 974 lingua
581 886 771 964 ineffabilis,
802 903 834 952 et
856 891 944 955 istud
968 906 1016 955 est
1039 920 1190 974 οικινομωι

116 1005 284 1069 solutionis
307 1002 487 1067 verborum
517 1004 680 1077 omnium,
719 1025 802 1088 quae
834 1002 899 1068 dixi
928 1005 1039 1082 vobis3
1072 1021 1104 1070 et
1135 1011 1191 1093 qui

77 1143 90 1182 s
116 1121 275 1206 acceperit
304 1116 443 1181 verbum
477 1118 610 1179 unicum
640 1113 831 1192 ineffabilis,
866 1112 929 1182 huc
965 1119 1054 1204 quod
1085 1120 1191 1186 dicam

114 1232 207 1299 vobis
230 1253 316 1295 nune
340 1234 475 1316 eiusque
497 1256 607 1296 τυπους
630 1251 743 1294 omnes
771 1233 904 1318 eiusque
933 1258 1090 1314 σχηματοι
1120 1257 1190 1298 om-

115 1349 170 1410 nia
193 1358 225 1410 et
246 1344 383 1409 modum
405 1343 594 1431 perficiendi
623 1346 690 1407 eius
714 1371 886 1428 μυστηρων,
916 1346 1006 1432 quod
1028 1371 1088 1413 vos
1113 1353 1189 1414 estis

117 1473 417 1535 asisinatensium,
449 1471 483 1523 et
511 1479 571 1523 vos
607 1456 778 1544 perficietis
810 1463 1028 1546 cognitionem
1059 1485 1191 1528 omnem

71 1585 74 1589 '
116 1598 276 1657 μυστηριου
299 1572 383 1662 illius
407 1574 542 1657 eiusque
570 1599 733 1653 οικονομιαν
756 1595 888 1637 omnem
917 1578 1051 1661 eiusque
1075 1577 1189 1641 dictio·

65 1713 92 1754 ιο
117 1709 207 1762 nem,
245 1685 335 1772 quod
368 1685 463 1750 vobis
500 1684 686 1749 concredita
714 1713 864 1770 μυστηριω
895 1692 1013 1753 omnia.
1069 1690 1190 1755 Audite

115 1805 212 1889 igitur
234 1823 337 1876 nune,
370 1799 476 1864 dicam
497 1798 592 1864 vobis
615 1825 772 1882 μυστηρων
795 1801 891 1878 illud,
923 1803 1013 1889 quod
1042 1817 1091 1867 est
1113 1805 1189 1868 hoe:
1229 1799 1303 1876 227

116 1919 171 2001 qui
194 1918 354 2003 acceperit
376 1918 474 2002 igitur
496 1914 636 1978 verbum
660 1917 792 1979 unicum
814 1944 985 2001 μυστηριου,
1012 1917 1101 2003 qued
1125 1919 1190 1983 dixi

115 2030 225 2106 vobis,
256 2051 357 2114 quum
387 2032 559 2093 excesserit
588 2051 604 2093 e
633 2055 753 2108 σωμωτι
776 2033 851 2104 tinas
871 2057 1038 2117 αρχοντων,
1074 2046 1112 2096 ut
1134 2055 1190 2098 ve·
1226 2003 1247 2060 l*

116 2144 208 2207 niant
230 2155 454 2227 παραλημπται
475 2170 601 2228 spinatae,
625 2157 662 2208 ut
686 2144 816 2208 solvant
839 2168 915 2209 eum
941 2168 958 2211 e
980 2173 1099 2226 captust
1115 2150 1191 2221 ὑλης

62 2283 90 2324 ts
118 2283 281 2339 αρχοντων,
313 2269 353 2320 ut
384 2271 609 2340 παραλημπται
631 2285 743 2344 spinatae
768 2295 808 2309 -
834 2263 889 2346 qui
924 2261 1022 2325 iidem
1058 2262 1191 2326 solvunt

115 2369 225 2460 ψυχην
249 2393 379 2436 omnem
401 2374 586 2436 venientem
615 2394 632 2436 e
660 2399 780 2454 σωμωτι
806 2413 842 2423 -
871 2397 973 2461 quum
1002 2379 1101 2462 igitur
1128 2352 1189 2442 aa·

113 2501 291 2573 ραλημπται
313 2513 425 2568 spinatae
449 2487 606 2550 solverint
626 2483 747 2574 ψυχην,
772 2511 855 2575 quae
879 2493 1003 2578 accepit
1024 2491 1086 2554 hoe
1107 2516 1188 2570 μυσ-

113 2627 203 2682 τηριον
225 2604 360 2665 unicum
388 2598 579 2676 Inellabilis‚
612 2601 702 2686 quod
730 2607 796 2667 iam
826 2603 891 2667 dixi
919 2604 1014 2669 vobis
1043 2627 1128 2670 nune
1157 2617 1191 2669 et

114 2718 271 2802 temporis
302 2728 487 2791 momento,
509 2706 589 2800 'quo
620 2714 777 2780 solverint
807 2739 879 2781 eam
911 2741 928 2783 e
959 2747 1078 2801 σωματι
1106 2725 1189 2796 tiam,

60 2854 88 2895 aa
115 2827 173 2892 fiet
196 2851 314 2914 magna
336 2832 475 2915 απορῤοωι
498 2828 630 2893 luminis
653 2832 687 2892 in
715 2829 828 2893 mediis
856 2846 1096 2914 παραλημπταις
1117 2834 1189 2910 illis,

115 2957 149 3008 et
172 2942 334 3006 timebunt
355 2945 495 3007 maxime
519 2932 743 3026 παραλημπται
771 2943 883 3006 lumen
905 2945 1014 3026 dum
1043 2946 1131 3008 iltius·
1158 2960 1191 3009 et

114 3057 412 3122 consternabuntur
444 3072 684 3140 παραλημπται,
722 3071 761 3120 ut
797 3057 994 3122 collabentes
1033 3058 1191 3122 desistant

111 3176 242 3260 penitus
266 3195 345 3260 prae
369 3175 487 3237 timore
511 3174 620 3259 magni
643 3171 788 3248 luminis,
820 3172 910 3257 quod
933 3172 1058 3248 vident3
1090 3186 1189 3256 atque

113 3285 210 3368 duxit
234 3290 391 3374 accipiens
414 3315 570 3370 μυστηριον
592 3284 768 3350 lneffabitis
792 3286 917 3350 volabit
936 3290 968 3350 in
985 3285 1189 3351 altitudinem

59 3425 86 3464 aa
116 3402 257 3464 existens
279 3423 397 3488 magna
421 3402 572 3488 ωπορῤσια,
596 3415 629 3464 et
651 3400 740 3465 haud
763 3401 965 3489 prehendant
989 3425 1060 3466 eam
1089 3429 1188 3482 aepa-

114 3527 255 3594 λημπται
292 3538 399 3602 neque
435 3517 550 3589 scient,
586 3537 749 3601 quaenam
785 3519 827 3580 sit
862 3519 933 3593 via,
967 3521 1007 3582 in‘
1032 3541 1097 3605 qua
1127 3531 1188 3596 eat,

44 3639 58 3662 ⁴
112 3643 289 3716 propterea
312 3629 402 3716 quod
425 3629 512 3693 facta
536 3643 585 3694 est
607 3653 744 3718 magnus
767 3631 878 3696 radius
902 3632 1047 3710 luminis,
1070 3647 1109 3698 ut
1129 3657 1189 3698 vo-

113 3742 160 3805 let
182 3747 216 3806 in
244 3744 449 3808 altitudinem
477 3758 510 3808 et
538 3745 628 3808 nulla
658 3747 782 3823 iuvante
812 3762 922 3835 potest
949 3775 1089 3826 κατιχειν
1118 3769 1191 3820 eam

116 3857 251 3919 omnino
287 3879 393 3944 neque
431 3858 519 3946 (sude)
555 3859 637 3924 adeo
675 3874 831 3948 poterunt
866 3860 1129 3948 adpropinquare
1161 3861 1189 3922 ei
1228 3853 1303 3927 228

56 3993 85 4033 at
116 3970 269 4043 omnine,
300 3985 389 4036 αλλα.
418 3975 535 4037 transit
563 4000 668 4042 τοπους
698 3996 812 4038 omnes
842 4000 992 4056 αρχοντων
1021 3985 1054 4035 et
1086 3997 1192 4044 τοπους

114 4103 230 4146 omues
253 4084 406 4171 προβολων
428 4087 573 4165 luminis,
597 4109 704 4172 neque
720 4086 777 4151 dat
792 4096 950 4174 αποφωσιν
972 4089 1007 4149 in
1024 4085 1093 4150 ullo
1108 4112 1190 4175 τοπῳ

195 4331 225 4394 5.
258 4333 423 4398 Inellabilis
453 4340 618 4424 (μυττηριου
645 4335 726 4398 illius
759 4337 806 4413 Ρ.)
869 4334 921 4397 25.
952 4334 1085 4426 anodiam
1113 4337 1189 4420 (add.

110 4429 288 4512 „luminis”
310 4435 359 4514 P.)
397 4429 399 4436 ¹
