<?xml version="1.0" encoding="UTF-8"?>
<!DOCTYPE html PUBLIC "-//W3C//DTD XHTML 1.0 Transitional//EN"
    "http://www.w3.org/TR/xhtml1/DTD/xhtml1-transitional.dtd">
<html xmlns="http://www.w3.org/1999/xhtml" xml:lang="en" lang="en">
 <head>
  <title>
</title>
<meta http-equiv="Content-Type" content="text/html;charset=utf-8" />
  <meta name='ocr-system' content='tesseract 3.04.00' />
  <meta name='ocr-capabilities' content='ocr_page ocr_carea ocr_par ocr_line ocrx_word'/>
</head>
<body>
  <div class='ocr_page' id='page_1' title='image "./pistissophiaopu00petegoog_0657.png"; bbox 0 0 3240 5328; ppageno 0'>
   <div class='ocr_carea' id='block_1_1' title="bbox 979 473 1553 552">
    <p class='ocr_par' dir='ltr' id='par_1_1' title="bbox 979 473 1553 552">
     <span class='ocr_line' id='line_1_1' title="bbox 979 473 1553 552; baseline -0.012 7"><span class='ocrx_word' id='word_1_1' title='bbox 979 473 1045 540; x_wconf 60' lang='grc' dir='ltr'>Μ</span> <span class='ocrx_word' id='word_1_2' title='bbox 1552 503 1553 552; x_wconf 85' lang='grc' dir='ltr'>ι</span> 
     </span>
    </p>
   </div>
   <div class='ocr_carea' id='block_1_2' title="bbox 362 567 1553 4254">
    <p class='ocr_par' dir='ltr' id='par_1_2' title="bbox 473 567 1553 1091">
     <span class='ocr_line' id='line_1_2' title="bbox 1552 567 1553 608; baseline 0 0"><span class='ocrx_word' id='word_1_3' title='bbox 1552 567 1553 608; x_wconf 84' lang='grc' dir='ltr'>ι</span> 
     </span>
     <span class='ocr_line' id='line_1_3' title="bbox 474 646 1492 748; baseline -0.015 -19"><span class='ocrx_word' id='word_1_4' title='bbox 474 683 552 730; x_wconf 86' lang='lat' dir='ltr'><strong>eum</strong></span> <span class='ocrx_word' id='word_1_5' title='bbox 575 661 631 748; x_wconf 85' lang='lat' dir='ltr'><strong>(se.</strong></span> <span class='ocrx_word' id='word_1_6' title='bbox 653 653 828 742; x_wconf 85' lang='lat' dir='ltr'><strong>mundum)</strong></span> <span class='ocrx_word' id='word_1_7' title='bbox 851 675 911 721; x_wconf 83' lang='lat' dir='ltr'><strong>sua</strong></span> <span class='ocrx_word' id='word_1_8' title='bbox 932 677 1068 741; x_wconf 66' lang='grc' dir='ltr'><strong>πονηριῳ,</strong></span> <span class='ocrx_word' id='word_1_9' title='bbox 1100 646 1265 718; x_wconf 80' lang='lat' dir='ltr'><strong>adscendit</strong></span> <span class='ocrx_word' id='word_1_10' title='bbox 1284 647 1324 714; x_wconf 81' lang='lat' dir='ltr'><strong>ed</strong></span> <span class='ocrx_word' id='word_1_11' title='bbox 1342 673 1426 734; x_wconf 73' lang='grc' dir='ltr'>μαιιι,</span> <span class='ocrx_word' id='word_1_12' title='bbox 1445 662 1492 714; x_wconf 72' lang='lat' dir='ltr'><strong>ne</strong></span> 
     </span>
     <span class='ocr_line' id='line_1_4' title="bbox 473 762 1493 858; baseline -0.019 -15"><span class='ocrx_word' id='word_1_13' title='bbox 473 775 554 842; x_wconf 84' lang='lat' dir='ltr'><strong>bens</strong></span> <span class='ocrx_word' id='word_1_14' title='bbox 578 770 703 858; x_wconf 63' lang='lat' dir='ltr'><strong>diseno</strong></span> <span class='ocrx_word' id='word_1_15' title='bbox 726 793 745 838; x_wconf 89' lang='lat' dir='ltr'><strong>e</strong></span> <span class='ocrx_word' id='word_1_16' title='bbox 765 791 870 858; x_wconf 81' lang='lat' dir='ltr'><strong>parvo</strong></span> <span class='ocrx_word' id='word_1_17' title='bbox 887 767 1065 844; x_wconf 72' lang='lat' dir='ltr'><strong>sabaeus,</strong></span> <span class='ocrx_word' id='word_1_18' title='bbox 1089 764 1206 852; x_wconf 68' lang='grc' dir='ltr'><em>αγωθῳ,</em></span> <span class='ocrx_word' id='word_1_19' title='bbox 1227 764 1287 829; x_wconf 85' lang='lat' dir='ltr'><strong>hoe</strong></span> <span class='ocrx_word' id='word_1_20' title='bbox 1309 765 1359 849; x_wconf 86' lang='lat' dir='ltr'><strong>qui</strong></span> <span class='ocrx_word' id='word_1_21' title='bbox 1372 762 1493 849; x_wconf 78' lang='lat' dir='ltr'><strong>(pudeo)</strong></span> 
     </span>
     <span class='ocr_line' id='line_1_5' title="bbox 476 876 1553 974; baseline -0.017 -20"><span class='ocrx_word' id='word_1_22' title='bbox 476 888 519 954; x_wconf 81' lang='lat' dir='ltr'><strong>ad</strong></span> <span class='ocrx_word' id='word_1_23' title='bbox 540 914 642 974; x_wconf 65' lang='lat' dir='ltr'><strong>neret,</strong></span> <span class='ocrx_word' id='word_1_24' title='bbox 665 887 779 974; x_wconf 81' lang='lat' dir='ltr'><strong>ligavit</strong></span> <span class='ocrx_word' id='word_1_25' title='bbox 801 906 875 950; x_wconf 87' lang='lat' dir='ltr'><strong>eam</strong></span> <span class='ocrx_word' id='word_1_26' title='bbox 896 885 930 948; x_wconf 93' lang='lat' dir='ltr'><strong>in</strong></span> <span class='ocrx_word' id='word_1_27' title='bbox 949 891 1019 960; x_wconf 74' lang='lat' dir='ltr'><strong>Ate,</strong></span> <span class='ocrx_word' id='word_1_28' title='bbox 1043 883 1199 967; x_wconf 88' lang='lat' dir='ltr'><strong>quoniam</strong></span> <span class='ocrx_word' id='word_1_29' title='bbox 1221 876 1329 964; x_wconf 69' lang='grc' dir='ltr'><strong>αγαθις</strong></span> <span class='ocrx_word' id='word_1_30' title='bbox 1348 889 1398 952; x_wconf 73' lang='lat' dir='ltr'><strong>est,</strong></span> <span class='ocrx_word' id='word_1_31' title='bbox 1415 888 1444 938; x_wconf 90' lang='lat' dir='ltr'><strong>ut</strong></span> <span class='ocrx_word' id='word_1_32' title='bbox 1457 896 1493 938; x_wconf 80' lang='lat' dir='ltr'><strong>re</strong></span> <span class='ocrx_word' id='word_1_33' title='bbox 1552 887 1553 960; x_wconf 44' lang='lat' dir='ltr'>g</span> 
     </span>
     <span class='ocr_line' id='line_1_6' title="bbox 475 993 1494 1091; baseline -0.018 -23"><span class='ocrx_word' id='word_1_34' title='bbox 475 1014 569 1091; x_wconf 84' lang='lat' dir='ltr'><strong>geret</strong></span> <span class='ocrx_word' id='word_1_35' title='bbox 591 1023 647 1067; x_wconf 89' lang='lat' dir='ltr'><strong>eos</strong></span> <span class='ocrx_word' id='word_1_36' title='bbox 675 1021 737 1064; x_wconf 83' lang='lat' dir='ltr'><strong>sua</strong></span> <span class='ocrx_word' id='word_1_37' title='bbox 759 996 939 1088; x_wconf 56' lang='lat' dir='ltr'><strong>aymonem.</strong></span> <span class='ocrx_word' id='word_1_38' title='bbox 983 995 1028 1061; x_wconf 87' lang='lat' dir='ltr'><strong>Et</strong></span> <span class='ocrx_word' id='word_1_39' title='bbox 1056 997 1168 1083; x_wconf 82' lang='lat' dir='ltr'><strong>posuit</strong></span> <span class='ocrx_word' id='word_1_40' title='bbox 1196 993 1419 1058; x_wconf 83' lang='lat' dir='ltr'><strong>couversionem</strong></span> <span class='ocrx_word' id='word_1_41' title='bbox 1441 1009 1494 1052; x_wconf 87' lang='lat' dir='ltr'><strong>suae</strong></span> 
     </span>
    </p>

    <p class='ocr_par' dir='ltr' id='par_1_3' title="bbox 362 1105 1528 1869">
     <span class='ocr_line' id='line_1_7' title="bbox 362 1105 1519 1206; baseline -0.02 -19"><span class='ocrx_word' id='word_1_42' title='bbox 362 1111 438 1187; x_wconf 71' lang='lat'><strong>362</strong></span> <span class='ocrx_word' id='word_1_43' title='bbox 475 1113 589 1206; x_wconf 77' lang='grc' dir='ltr'>τιιξιως</span> <span class='ocrx_word' id='word_1_44' title='bbox 610 1116 666 1190; x_wconf 90' lang='lat' dir='ltr'><strong>ita,</strong></span> <span class='ocrx_word' id='word_1_45' title='bbox 688 1127 727 1178; x_wconf 90' lang='lat' dir='ltr'><strong>ut</strong></span> <span class='ocrx_word' id='word_1_46' title='bbox 749 1113 944 1198; x_wconf 79' lang='lat' dir='ltr'><strong>transigeret</strong></span> <span class='ocrx_word' id='word_1_47' title='bbox 963 1108 1120 1174; x_wconf 82' lang='lat' dir='ltr'>tredecim</span> <span class='ocrx_word' id='word_1_48' title='bbox 1135 1127 1260 1172; x_wconf 86' lang='lat' dir='ltr'><strong>menses</strong></span> <span class='ocrx_word' id='word_1_49' title='bbox 1278 1107 1311 1168; x_wconf 92' lang='lat' dir='ltr'><strong>in</strong></span> <span class='ocrx_word' id='word_1_50' title='bbox 1329 1105 1428 1191; x_wconf 82' lang='lat' dir='ltr'><strong>quovis</strong></span> <span class='ocrx_word' id='word_1_51' title='bbox 1442 1123 1519 1166; x_wconf 71' lang='lat' dir='ltr'><strong>onst</strong></span> 
     </span>
     <span class='ocr_line' id='line_1_8' title="bbox 478 1215 1496 1315; baseline -0.016 -21"><span class='ocrx_word' id='word_1_52' title='bbox 478 1229 625 1315; x_wconf 75' lang='grc' dir='ltr'>στηριζων,</span> <span class='ocrx_word' id='word_1_53' title='bbox 655 1240 695 1291; x_wconf 91' lang='lat' dir='ltr'><strong>ut</strong></span> <span class='ocrx_word' id='word_1_54' title='bbox 716 1251 820 1312; x_wconf 78' lang='grc' dir='ltr'>ιιρχων</span> <span class='ocrx_word' id='word_1_55' title='bbox 844 1227 984 1310; x_wconf 88' lang='lat' dir='ltr'><strong>quisque</strong></span> <span class='ocrx_word' id='word_1_56' title='bbox 1006 1222 1049 1288; x_wconf 82' lang='lat' dir='ltr'><strong>ad</strong></span> <span class='ocrx_word' id='word_1_57' title='bbox 1072 1242 1155 1309; x_wconf 89' lang='lat' dir='ltr'><strong>quos</strong></span> <span class='ocrx_word' id='word_1_58' title='bbox 1177 1233 1330 1286; x_wconf 86' lang='lat' dir='ltr'><strong>venturus</strong></span> <span class='ocrx_word' id='word_1_59' title='bbox 1351 1219 1399 1292; x_wconf 85' lang='lat' dir='ltr'><strong>sit,</strong></span> <span class='ocrx_word' id='word_1_60' title='bbox 1423 1215 1496 1279; x_wconf 79' lang='lat' dir='ltr'><strong>solve</strong></span> 
     </span>
     <span class='ocr_line' id='line_1_9' title="bbox 477 1325 1498 1428; baseline -0.02 -18"><span class='ocrx_word' id='word_1_61' title='bbox 477 1355 571 1410; x_wconf 83' lang='lat' dir='ltr'><strong>retur</strong></span> <span class='ocrx_word' id='word_1_62' title='bbox 593 1363 612 1404; x_wconf 90' lang='lat' dir='ltr'><strong>a</strong></span> <span class='ocrx_word' id='word_1_63' title='bbox 635 1365 731 1428; x_wconf 57' lang='lat' dir='ltr'><strong>seete</strong></span> <span class='ocrx_word' id='word_1_64' title='bbox 754 1360 833 1403; x_wconf 88' lang='lat' dir='ltr'><strong>suae</strong></span> <span class='ocrx_word' id='word_1_65' title='bbox 856 1362 999 1425; x_wconf 76' lang='grc' dir='ltr'>πονηριιις.</span> <span class='ocrx_word' id='word_1_66' title='bbox 1044 1336 1090 1402; x_wconf 83' lang='lat' dir='ltr'><strong>Et</strong></span> <span class='ocrx_word' id='word_1_67' title='bbox 1112 1334 1203 1401; x_wconf 88' lang='lat' dir='ltr'><strong>dedit</strong></span> <span class='ocrx_word' id='word_1_68' title='bbox 1225 1335 1254 1399; x_wconf 88' lang='lat' dir='ltr'><strong>ei</strong></span> <span class='ocrx_word' id='word_1_69' title='bbox 1276 1357 1374 1402; x_wconf 74' lang='grc' dir='ltr'>ιιιωνιις</span> <span class='ocrx_word' id='word_1_70' title='bbox 1388 1330 1454 1395; x_wconf 87' lang='lat' dir='ltr'><strong>dues</strong></span> <span class='ocrx_word' id='word_1_71' title='bbox 1471 1325 1498 1390; x_wconf 85' lang='lat' dir='ltr'><strong>ad</strong></span> 
     </span>
     <span class='ocr_line' id='line_1_10' title="bbox 477 1439 1499 1537; baseline -0.017 -17"><span class='ocrx_word' id='word_1_72' title='bbox 477 1453 718 1531; x_wconf 79' lang='lat' dir='ltr'><strong>habitaculum,</strong></span> <span class='ocrx_word' id='word_1_73' title='bbox 746 1464 914 1516; x_wconf 84' lang='lat' dir='ltr'><strong>versantes</strong></span> <span class='ocrx_word' id='word_1_74' title='bbox 943 1473 962 1516; x_wconf 92' lang='lat' dir='ltr'><strong>e</strong></span> <span class='ocrx_word' id='word_1_75' title='bbox 987 1452 1120 1537; x_wconf 80' lang='lat' dir='ltr'>regione</span> <span class='ocrx_word' id='word_1_76' title='bbox 1144 1450 1265 1514; x_wconf 90' lang='lat' dir='ltr'><strong>horum</strong></span> <span class='ocrx_word' id='word_1_77' title='bbox 1287 1449 1339 1533; x_wconf 90' lang='lat' dir='ltr'><strong>qui</strong></span> <span class='ocrx_word' id='word_1_78' title='bbox 1359 1439 1499 1532; x_wconf 81' lang='lat' dir='ltr'><strong>(pertinent)</strong></span> 
     </span>
     <span class='ocr_line' id='line_1_11' title="bbox 480 1558 1501 1654; baseline -0.016 -20"><span class='ocrx_word' id='word_1_79' title='bbox 480 1567 524 1634; x_wconf 87' lang='lat' dir='ltr'><strong>nd</strong></span> <span class='ocrx_word' id='word_1_80' title='bbox 543 1573 664 1654; x_wconf 67' lang='lat' dir='ltr'><strong>‘Epnen</strong></span> <span class='ocrx_word' id='word_1_81' title='bbox 708 1566 784 1631; x_wconf 82' lang='lat' dir='ltr'><strong>Dixi</strong></span> <span class='ocrx_word' id='word_1_82' title='bbox 807 1564 901 1630; x_wconf 84' lang='lat' dir='ltr'><strong>vobis</strong></span> <span class='ocrx_word' id='word_1_83' title='bbox 923 1567 1030 1652; x_wconf 86' lang='lat' dir='ltr'><strong>prima</strong></span> <span class='ocrx_word' id='word_1_84' title='bbox 1053 1567 1124 1628; x_wconf 87' lang='lat' dir='ltr'><strong>viee</strong></span> <span class='ocrx_word' id='word_1_85' title='bbox 1152 1565 1285 1628; x_wconf 90' lang='lat' dir='ltr'><strong>nomina</strong></span> <span class='ocrx_word' id='word_1_86' title='bbox 1312 1561 1416 1625; x_wconf 87' lang='lat' dir='ltr'><strong>horum</strong></span> <span class='ocrx_word' id='word_1_87' title='bbox 1436 1558 1501 1641; x_wconf 89' lang='lat' dir='ltr'><strong>quin·</strong></span> 
     </span>
     <span class='ocr_line' id='line_1_12' title="bbox 481 1677 1528 1769; baseline -0.018 -22"><span class='ocrx_word' id='word_1_88' title='bbox 481 1703 546 1769; x_wconf 87' lang='lat' dir='ltr'><strong>que</strong></span> <span class='ocrx_word' id='word_1_89' title='bbox 576 1705 744 1766; x_wconf 66' lang='grc' dir='ltr'>αρχινιωι,</span> <span class='ocrx_word' id='word_1_90' title='bbox 783 1677 901 1765; x_wconf 78' lang='lat' dir='ltr'><strong>quibus</strong></span> <span class='ocrx_word' id='word_1_91' title='bbox 931 1679 1080 1742; x_wconf 86' lang='lat' dir='ltr'><strong>homines</strong></span> <span class='ocrx_word' id='word_1_92' title='bbox 1109 1702 1227 1762; x_wconf 74' lang='grc' dir='ltr'>κισμιυ</span> <span class='ocrx_word' id='word_1_93' title='bbox 1261 1683 1431 1761; x_wconf 80' lang='lat' dir='ltr'><strong>nuncupant</strong></span> <span class='ocrx_word' id='word_1_94' title='bbox 1457 1689 1528 1732; x_wconf 53' lang='lat' dir='ltr'><strong>eost</strong></span> 
     </span>
     <span class='ocr_line' id='line_1_13' title="bbox 479 1784 1505 1869; baseline -0.017 -7"><span class='ocrx_word' id='word_1_95' title='bbox 479 1793 602 1862; x_wconf 83' lang='lat' dir='ltr'><strong>Audite</strong></span> <span class='ocrx_word' id='word_1_96' title='bbox 638 1797 774 1869; x_wconf 89' lang='lat' dir='ltr'><strong>iterum,</strong></span> <span class='ocrx_word' id='word_1_97' title='bbox 811 1813 898 1856; x_wconf 88' lang='lat' dir='ltr'><strong>nune</strong></span> <span class='ocrx_word' id='word_1_98' title='bbox 931 1791 1038 1856; x_wconf 83' lang='lat' dir='ltr'><strong>dicam</strong></span> <span class='ocrx_word' id='word_1_99' title='bbox 1066 1789 1161 1858; x_wconf 84' lang='lat' dir='ltr'><strong>vobis</strong></span> <span class='ocrx_word' id='word_1_100' title='bbox 1202 1791 1297 1858; x_wconf 85' lang='lat' dir='ltr'><strong>etiam</strong></span> <span class='ocrx_word' id='word_1_101' title='bbox 1328 1809 1382 1852; x_wconf 81' lang='lat' dir='ltr'><strong>sun</strong></span> <span class='ocrx_word' id='word_1_102' title='bbox 1407 1784 1505 1848; x_wconf 82' lang='lat' dir='ltr'><strong>nonin</strong></span> 
     </span>
    </p>

    <p class='ocr_par' dir='ltr' id='par_1_4' title="bbox 411 1903 1528 3354">
     <span class='ocr_line' id='line_1_14' title="bbox 411 1903 1505 2009; baseline -0.013 -33"><span class='ocrx_word' id='word_1_103' title='bbox 411 1974 421 2009; x_wconf 35' lang='lat'><strong>‚¹</strong></span> <span class='ocrx_word' id='word_1_104' title='bbox 482 1907 638 1995; x_wconf 77' lang='grc' dir='ltr'>ιιῲθιιρτιι,</span> <span class='ocrx_word' id='word_1_105' title='bbox 654 1928 738 1993; x_wconf 87' lang='lat' dir='ltr'><strong>quae</strong></span> <span class='ocrx_word' id='word_1_106' title='bbox 752 1906 833 1971; x_wconf 78' lang='lat' dir='ltr'><strong>haee</strong></span> <span class='ocrx_word' id='word_1_107' title='bbox 849 1919 940 1971; x_wconf 82' lang='lat' dir='ltr'><strong>sunt:</strong></span> <span class='ocrx_word' id='word_1_108' title='bbox 963 1903 1098 1991; x_wconf 76' lang='grc' dir='ltr'>Ωριμιυθ</span> <span class='ocrx_word' id='word_1_109' title='bbox 1113 1916 1163 1970; x_wconf 79' lang='lat' dir='ltr'><strong>est</strong></span> <span class='ocrx_word' id='word_1_110' title='bbox 1176 1913 1295 1990; x_wconf 76' lang='grc' dir='ltr'>Κρινιυ,</span> <span class='ocrx_word' id='word_1_111' title='bbox 1309 1905 1505 1983; x_wconf 57' lang='lat' dir='ltr'><strong>Mousarnaioi</strong></span> 
     </span>
     <span class='ocr_line' id='line_1_15' title="bbox 417 2014 1505 2109; baseline -0.014 -20"><span class='ocrx_word' id='word_1_112' title='bbox 417 2018 424 2035; x_wconf 75' lang='lat'><em>‘</em></span> <span class='ocrx_word' id='word_1_113' title='bbox 479 2030 582 2107; x_wconf 77' lang='grc' dir='ltr'>Αριιις,</span> <span class='ocrx_word' id='word_1_114' title='bbox 608 2028 831 2109; x_wconf 71' lang='grc' dir='ltr'><strong>Ταρπετιινιυφ</strong></span> <span class='ocrx_word' id='word_1_115' title='bbox 853 2022 982 2104; x_wconf 82' lang='grc' dir='ltr'><strong>Ἕρμου,</strong></span> <span class='ocrx_word' id='word_1_116' title='bbox 1006 2027 1089 2086; x_wconf 75' lang='lat' dir='ltr'><strong>prt</strong></span> <span class='ocrx_word' id='word_1_117' title='bbox 1116 2016 1294 2106; x_wconf 65' lang='grc' dir='ltr'><strong>Λφροδιπις,</strong></span> <span class='ocrx_word' id='word_1_118' title='bbox 1321 2014 1440 2092; x_wconf 71' lang='grc' dir='ltr'>Χωιβιλ</span> <span class='ocrx_word' id='word_1_119' title='bbox 1453 2018 1505 2074; x_wconf 74' lang='lat' dir='ltr'><strong>dne.</strong></span> 
     </span>
     <span class='ocr_line' id='line_1_16' title="bbox 415 2117 1506 2220; baseline -0.016 -19"><span class='ocrx_word' id='word_1_120' title='bbox 415 2145 425 2170; x_wconf 82' lang='lat'><em>⁰</em></span> <span class='ocrx_word' id='word_1_121' title='bbox 482 2133 573 2200; x_wconf 82' lang='lat' dir='ltr'><strong>Haec</strong></span> <span class='ocrx_word' id='word_1_122' title='bbox 596 2147 674 2200; x_wconf 86' lang='lat' dir='ltr'><strong>sunt</strong></span> <span class='ocrx_word' id='word_1_123' title='bbox 696 2155 812 2200; x_wconf 88' lang='lat' dir='ltr'><strong>eorum</strong></span> <span class='ocrx_word' id='word_1_124' title='bbox 834 2136 968 2198; x_wconf 86' lang='lat' dir='ltr'><strong>nomina</strong></span> <span class='ocrx_word' id='word_1_125' title='bbox 991 2131 1146 2220; x_wconf 76' lang='grc' dir='ltr'>ιιφθιιρτιι.</span> <span class='ocrx_word' id='word_1_126' title='bbox 1191 2132 1305 2214; x_wconf 87' lang='lat' dir='ltr'><strong>Quum</strong></span> <span class='ocrx_word' id='word_1_127' title='bbox 1334 2117 1506 2194; x_wconf 77' lang='lat' dir='ltr'><strong>audissent</strong></span> 
     </span>
     <span class='ocr_line' id='line_1_17' title="bbox 481 2236 1528 2334; baseline -0.012 -23"><span class='ocrx_word' id='word_1_128' title='bbox 481 2246 565 2312; x_wconf 85' lang='lat' dir='ltr'><strong>haee</strong></span> <span class='ocrx_word' id='word_1_129' title='bbox 592 2247 739 2332; x_wconf 66' lang='grc' dir='ltr'><strong>μαθηται,</strong></span> <span class='ocrx_word' id='word_1_130' title='bbox 767 2259 1010 2334; x_wconf 82' lang='lat' dir='ltr'><strong>prosternentes</strong></span> <span class='ocrx_word' id='word_1_131' title='bbox 1035 2267 1070 2311; x_wconf 89' lang='lat' dir='ltr'><strong>se</strong></span> <span class='ocrx_word' id='word_1_132' title='bbox 1093 2244 1276 2312; x_wconf 78' lang='lat' dir='ltr'><strong>adorarunt</strong></span> <span class='ocrx_word' id='word_1_133' title='bbox 1298 2243 1408 2318; x_wconf 88' lang='lat' dir='ltr'><strong>lesum,</strong></span> <span class='ocrx_word' id='word_1_134' title='bbox 1431 2236 1528 2302; x_wconf 78' lang='lat' dir='ltr'><strong>dicen-t</strong></span> 
     </span>
     <span class='ocr_line' id='line_1_18' title="bbox 481 2349 1506 2444; baseline -0.014 -18"><span class='ocrx_word' id='word_1_135' title='bbox 481 2371 546 2426; x_wconf 85' lang='lat' dir='ltr'><strong>tes:</strong></span> <span class='ocrx_word' id='word_1_136' title='bbox 577 2358 666 2424; x_wconf 85' lang='lat' dir='ltr'><strong>beati</strong></span> <span class='ocrx_word' id='word_1_137' title='bbox 694 2381 756 2426; x_wconf 89' lang='lat' dir='ltr'><strong>nos</strong></span> <span class='ocrx_word' id='word_1_138' title='bbox 778 2361 849 2442; x_wconf 71' lang='grc' dir='ltr'><strong>παρ’</strong></span> <span class='ocrx_word' id='word_1_139' title='bbox 871 2358 1059 2424; x_wconf 82' lang='lat' dir='ltr'><strong>hominibus</strong></span> <span class='ocrx_word' id='word_1_140' title='bbox 1089 2358 1258 2435; x_wconf 88' lang='lat' dir='ltr'><strong>omnihus,</strong></span> <span class='ocrx_word' id='word_1_141' title='bbox 1287 2355 1370 2444; x_wconf 91' lang='lat' dir='ltr'><strong>quod</strong></span> <span class='ocrx_word' id='word_1_142' title='bbox 1394 2349 1506 2419; x_wconf 84' lang='lat' dir='ltr'><strong>revelasti</strong></span> 
     </span>
     <span class='ocr_line' id='line_1_19' title="bbox 482 2463 1506 2560; baseline -0.007 -22"><span class='ocrx_word' id='word_1_143' title='bbox 482 2471 579 2538; x_wconf 87' lang='lat' dir='ltr'><strong>nobis</strong></span> <span class='ocrx_word' id='word_1_144' title='bbox 601 2472 683 2538; x_wconf 76' lang='lat' dir='ltr'><strong>haee</strong></span> <span class='ocrx_word' id='word_1_145' title='bbox 705 2495 824 2560; x_wconf 83' lang='lat' dir='ltr'><strong>magna</strong></span> <span class='ocrx_word' id='word_1_146' title='bbox 846 2474 1013 2538; x_wconf 85' lang='lat' dir='ltr'><strong>miracula.</strong></span> <span class='ocrx_word' id='word_1_147' title='bbox 1052 2471 1295 2538; x_wconf 73' lang='lat' dir='ltr'><strong>continuarunt</strong></span> <span class='ocrx_word' id='word_1_148' title='bbox 1309 2469 1404 2536; x_wconf 85' lang='lat' dir='ltr'><strong>adhue</strong></span> <span class='ocrx_word' id='word_1_149' title='bbox 1417 2463 1506 2555; x_wconf 78' lang='lat' dir='ltr'><strong>precati</strong></span> 
     </span>
     <span class='ocr_line' id='line_1_20' title="bbox 484 2572 1507 2673; baseline -0.009 -21"><span class='ocrx_word' id='word_1_150' title='bbox 484 2609 576 2662; x_wconf 90' lang='lat' dir='ltr'><strong>eum,</strong></span> <span class='ocrx_word' id='word_1_151' title='bbox 599 2585 756 2651; x_wconf 85' lang='lat' dir='ltr'><strong>dieentes:</strong></span> <span class='ocrx_word' id='word_1_152' title='bbox 779 2608 954 2673; x_wconf 86' lang='lat' dir='ltr'><strong>precamur</strong></span> <span class='ocrx_word' id='word_1_153' title='bbox 975 2600 1023 2662; x_wconf 91' lang='lat' dir='ltr'><strong>te,</strong></span> <span class='ocrx_word' id='word_1_154' title='bbox 1052 2587 1162 2652; x_wconf 88' lang='lat' dir='ltr'><strong>revela</strong></span> <span class='ocrx_word' id='word_1_155' title='bbox 1185 2586 1293 2663; x_wconf 85' lang='lat' dir='ltr'><strong>nobis,</strong></span> <span class='ocrx_word' id='word_1_156' title='bbox 1318 2595 1438 2672; x_wconf 89' lang='lat' dir='ltr'><strong>propter</strong></span> <span class='ocrx_word' id='word_1_157' title='bbox 1456 2572 1507 2664; x_wconf 78' lang='lat' dir='ltr'><strong>quid</strong></span> 
     </span>
     <span class='ocr_line' id='line_1_21' title="bbox 483 2698 1506 2778; baseline -0.01 -16"><span class='ocrx_word' id='word_1_158' title='bbox 483 2701 582 2762; x_wconf 86' lang='lat' dir='ltr'><strong>etiam</strong></span> <span class='ocrx_word' id='word_1_159' title='bbox 604 2699 666 2761; x_wconf 84' lang='lat' dir='ltr'><strong>hae</strong></span> <span class='ocrx_word' id='word_1_160' title='bbox 695 2701 759 2762; x_wconf 89' lang='lat' dir='ltr'><strong>sint</strong></span> <span class='ocrx_word' id='word_1_161' title='bbox 785 2701 867 2764; x_wconf 85' lang='lat' dir='ltr'><strong>viae.</strong></span> <span class='ocrx_word' id='word_1_162' title='bbox 911 2699 957 2765; x_wconf 84' lang='lat' dir='ltr'><strong>Et</strong></span> <span class='ocrx_word' id='word_1_163' title='bbox 984 2699 1139 2766; x_wconf 88' lang='lat' dir='ltr'><strong>aeeedens</strong></span> <span class='ocrx_word' id='word_1_164' title='bbox 1168 2699 1212 2764; x_wconf 89' lang='lat' dir='ltr'><strong>ad</strong></span> <span class='ocrx_word' id='word_1_165' title='bbox 1245 2723 1318 2766; x_wconf 92' lang='lat' dir='ltr'><strong>eum</strong></span> <span class='ocrx_word' id='word_1_166' title='bbox 1346 2698 1435 2762; x_wconf 82' lang='lat' dir='ltr'><strong>Maria</strong></span> <span class='ocrx_word' id='word_1_167' title='bbox 1456 2711 1506 2778; x_wconf 82' lang='lat' dir='ltr'><strong>pre</strong></span> 
     </span>
     <span class='ocr_line' id='line_1_22' title="bbox 481 2810 1528 2900; baseline -0.006 -26"><span class='ocrx_word' id='word_1_168' title='bbox 481 2813 601 2875; x_wconf 82' lang='lat' dir='ltr'><strong>stravit</strong></span> <span class='ocrx_word' id='word_1_169' title='bbox 623 2831 666 2887; x_wconf 88' lang='lat' dir='ltr'><strong>se,</strong></span> <span class='ocrx_word' id='word_1_170' title='bbox 690 2810 841 2877; x_wconf 87' lang='lat' dir='ltr'><strong>adoravit</strong></span> <span class='ocrx_word' id='word_1_171' title='bbox 864 2816 932 2878; x_wconf 92' lang='lat' dir='ltr'><strong>eius</strong></span> <span class='ocrx_word' id='word_1_172' title='bbox 955 2812 1055 2900; x_wconf 86' lang='lat' dir='ltr'><strong>pedes</strong></span> <span class='ocrx_word' id='word_1_173' title='bbox 1079 2827 1113 2878; x_wconf 88' lang='lat' dir='ltr'><strong>et</strong></span> <span class='ocrx_word' id='word_1_174' title='bbox 1128 2811 1220 2879; x_wconf 85' lang='lat' dir='ltr'><strong>dedit</strong></span> <span class='ocrx_word' id='word_1_175' title='bbox 1235 2814 1375 2879; x_wconf 71' lang='lat' dir='ltr'><strong>osstdum</strong></span> <span class='ocrx_word' id='word_1_176' title='bbox 1393 2811 1528 2874; x_wconf 73' lang='lat' dir='ltr'><strong>eiusne·</strong></span> 
     </span>
     <span class='ocr_line' id='line_1_23' title="bbox 482 2921 1507 3012; baseline -0.001 -24"><span class='ocrx_word' id='word_1_177' title='bbox 482 2921 590 3000; x_wconf 83' lang='lat' dir='ltr'><strong>nibus,</strong></span> <span class='ocrx_word' id='word_1_178' title='bbox 614 2922 738 2990; x_wconf 87' lang='lat' dir='ltr'><strong>dicens:</strong></span> <span class='ocrx_word' id='word_1_179' title='bbox 760 2927 884 3012; x_wconf 89' lang='lat' dir='ltr'><strong>utique,</strong></span> <span class='ocrx_word' id='word_1_180' title='bbox 907 2928 952 2990; x_wconf 91' lang='lat' dir='ltr'><strong>mi</strong></span> <span class='ocrx_word' id='word_1_181' title='bbox 973 2925 1113 3003; x_wconf 87' lang='lat' dir='ltr'><strong>domine,</strong></span> <span class='ocrx_word' id='word_1_182' title='bbox 1136 2928 1249 2994; x_wconf 85' lang='lat' dir='ltr'><strong>revela</strong></span> <span class='ocrx_word' id='word_1_183' title='bbox 1270 2926 1368 3001; x_wconf 80' lang='lat' dir='ltr'><strong>nobis,</strong></span> <span class='ocrx_word' id='word_1_184' title='bbox 1389 2937 1507 3008; x_wconf 69' lang='lat' dir='ltr'><strong>quaenam</strong></span> 
     </span>
     <span class='ocr_line' id='line_1_24' title="bbox 421 3037 1508 3129; baseline -0.002 -29"><span class='ocrx_word' id='word_1_185' title='bbox 421 3095 423 3100; x_wconf 81' lang='grc'>,</span> <span class='ocrx_word' id='word_1_186' title='bbox 484 3037 527 3100; x_wconf 85' lang='lat' dir='ltr'><strong>sit</strong></span> <span class='ocrx_word' id='word_1_187' title='bbox 547 3061 638 3122; x_wconf 64' lang='lat' dir='ltr'><strong>xpm</strong></span> <span class='ocrx_word' id='word_1_188' title='bbox 659 3040 789 3103; x_wconf 81' lang='lat' dir='ltr'><strong>viarum</strong></span> <span class='ocrx_word' id='word_1_189' title='bbox 811 3038 919 3104; x_wconf 88' lang='lat' dir='ltr'><strong>medii.</strong></span> <span class='ocrx_word' id='word_1_190' title='bbox 963 3039 1158 3106; x_wconf 84' lang='lat' dir='ltr'><strong>Audivimus</strong></span> <span class='ocrx_word' id='word_1_191' title='bbox 1180 3066 1243 3129; x_wconf 68' lang='grc' dir='ltr'><strong>γαρ</strong></span> <span class='ocrx_word' id='word_1_192' title='bbox 1266 3055 1312 3106; x_wconf 79' lang='lat' dir='ltr'><strong>tet</strong></span> <span class='ocrx_word' id='word_1_193' title='bbox 1338 3039 1508 3127; x_wconf 73' lang='lat' dir='ltr'><strong>postesse</strong></span> 
     </span>
     <span class='ocr_line' id='line_1_25' title="bbox 485 3153 1509 3241; baseline -0.01 -26"><span class='ocrx_word' id='word_1_194' title='bbox 485 3169 585 3235; x_wconf 87' lang='lat' dir='ltr'><strong>super</strong></span> <span class='ocrx_word' id='word_1_195' title='bbox 606 3172 741 3237; x_wconf 82' lang='lat' dir='ltr'><strong>magnas</strong></span> <span class='ocrx_word' id='word_1_196' title='bbox 764 3166 912 3222; x_wconf 63' lang='lat' dir='ltr'><strong>notetur.</strong></span> <span class='ocrx_word' id='word_1_197' title='bbox 951 3153 1124 3234; x_wconf 85' lang='lat' dir='ltr'><strong>Quaenam</strong></span> <span class='ocrx_word' id='word_1_198' title='bbox 1142 3157 1243 3241; x_wconf 80' lang='lat' dir='ltr'><strong>igitur</strong></span> <span class='ocrx_word' id='word_1_199' title='bbox 1259 3169 1308 3219; x_wconf 91' lang='lat' dir='ltr'><strong>est</strong></span> <span class='ocrx_word' id='word_1_200' title='bbox 1328 3155 1509 3226; x_wconf 65' lang='lat' dir='ltr'><strong>rationetur</strong></span> 
     </span>
     <span class='ocr_line' id='line_1_26' title="bbox 485 3252 1509 3354; baseline -0.005 -29"><span class='ocrx_word' id='word_1_201' title='bbox 485 3257 627 3339; x_wconf 89' lang='lat' dir='ltr'><strong>domine,</strong></span> <span class='ocrx_word' id='word_1_202' title='bbox 650 3285 716 3350; x_wconf 88' lang='lat' dir='ltr'><strong>qua</strong></span> <span class='ocrx_word' id='word_1_203' title='bbox 735 3261 967 3354; x_wconf 67' lang='grc' dir='ltr'><strong>εξειλησομεθιιῗ</strong></span> <span class='ocrx_word' id='word_1_204' title='bbox 990 3281 1048 3330; x_wconf 81' lang='lat' dir='ltr'><strong>aut</strong></span> <span class='ocrx_word' id='word_1_205' title='bbox 1063 3289 1130 3353; x_wconf 89' lang='lat' dir='ltr'><strong>qna</strong></span> <span class='ocrx_word' id='word_1_206' title='bbox 1153 3267 1303 3332; x_wconf 86' lang='lat' dir='ltr'><strong>solvendi</strong></span> <span class='ocrx_word' id='word_1_207' title='bbox 1325 3269 1416 3332; x_wconf 88' lang='lat' dir='ltr'><strong>simus</strong></span> <span class='ocrx_word' id='word_1_208' title='bbox 1429 3252 1509 3324; x_wconf 77' lang='lat' dir='ltr'><strong>abis?</strong></span> 
     </span>
    </p>

    <p class='ocr_par' dir='ltr' id='par_1_5' title="bbox 370 3363 1531 4254">
     <span class='ocr_line' id='line_1_27' title="bbox 370 3363 1529 3467; baseline -0.002 -29"><span class='ocrx_word' id='word_1_209' title='bbox 370 3363 446 3441; x_wconf 79' lang='grc'><strong>363</strong></span> <span class='ocrx_word' id='word_1_210' title='bbox 485 3386 544 3439; x_wconf 80' lang='lat' dir='ltr'><strong>aut</strong></span> <span class='ocrx_word' id='word_1_211' title='bbox 558 3376 725 3462; x_wconf 90' lang='lat' dir='ltr'><strong>quomodo</strong></span> <span class='ocrx_word' id='word_1_212' title='bbox 749 3378 954 3465; x_wconf 86' lang='lat' dir='ltr'><strong>prehendant</strong></span> <span class='ocrx_word' id='word_1_213' title='bbox 966 3377 1102 3467; x_wconf 67' lang='grc' dir='ltr'><strong>ψυχωςῗ</strong></span> <span class='ocrx_word' id='word_1_214' title='bbox 1126 3394 1185 3445; x_wconf 85' lang='lat' dir='ltr'><strong>aut</strong></span> <span class='ocrx_word' id='word_1_215' title='bbox 1199 3395 1283 3466; x_wconf 88' lang='lat' dir='ltr'><strong>quot</strong></span> <span class='ocrx_word' id='word_1_216' title='bbox 1303 3395 1422 3467; x_wconf 90' lang='lat' dir='ltr'><strong>tempus</strong></span> <span class='ocrx_word' id='word_1_217' title='bbox 1437 3385 1529 3437; x_wconf 71' lang='lat' dir='ltr'><strong>trau·¹</strong></span> 
     </span>
     <span class='ocr_line' id='line_1_28' title="bbox 483 3485 1508 3572; baseline -0.002 -21"><span class='ocrx_word' id='word_1_218' title='bbox 483 3487 575 3570; x_wconf 80' lang='lat' dir='ltr'><strong>igant</strong></span> <span class='ocrx_word' id='word_1_219' title='bbox 595 3491 630 3552; x_wconf 90' lang='lat' dir='ltr'><strong>in</strong></span> <span class='ocrx_word' id='word_1_220' title='bbox 653 3493 719 3554; x_wconf 89' lang='lat' dir='ltr'><strong>suis</strong></span> <span class='ocrx_word' id='word_1_221' title='bbox 742 3493 922 3559; x_wconf 65' lang='lat' dir='ltr'><strong>astarten?</strong></span> <span class='ocrx_word' id='word_1_222' title='bbox 968 3493 1120 3560; x_wconf 86' lang='lat' dir='ltr'><strong>Miserere</strong></span> <span class='ocrx_word' id='word_1_223' title='bbox 1142 3498 1256 3572; x_wconf 89' lang='lat' dir='ltr'><strong>nostri,</strong></span> <span class='ocrx_word' id='word_1_224' title='bbox 1283 3507 1391 3558; x_wconf 87' lang='lat' dir='ltr'><strong>noster</strong></span> <span class='ocrx_word' id='word_1_225' title='bbox 1410 3485 1508 3553; x_wconf 79' lang='lat' dir='ltr'><strong>domin</strong></span> 
     </span>
     <span class='ocr_line' id='line_1_29' title="bbox 483 3603 1509 3694; baseline 0.005 -34"><span class='ocrx_word' id='word_1_226' title='bbox 483 3609 598 3660; x_wconf 84' lang='lat' dir='ltr'><strong>noster</strong></span> <span class='ocrx_word' id='word_1_227' title='bbox 615 3624 714 3684; x_wconf 72' lang='grc' dir='ltr'><em>σωτερ,</em></span> <span class='ocrx_word' id='word_1_228' title='bbox 737 3623 778 3666; x_wconf 92' lang='lat' dir='ltr'><strong>ne</strong></span> <span class='ocrx_word' id='word_1_229' title='bbox 802 3603 954 3669; x_wconf 79' lang='lat' dir='ltr'><strong>auferant</strong></span> <span class='ocrx_word' id='word_1_230' title='bbox 975 3619 1104 3672; x_wconf 86' lang='lat' dir='ltr'><strong>nostras</strong></span> <span class='ocrx_word' id='word_1_231' title='bbox 1119 3604 1236 3694; x_wconf 64' lang='grc' dir='ltr'><strong><em>ψυχας</em></strong></span> <span class='ocrx_word' id='word_1_232' title='bbox 1254 3621 1509 3694; x_wconf 63' lang='lat' dir='ltr'><strong>repetentium·</strong></span> 
     </span>
     <span class='ocr_line' id='line_1_30' title="bbox 482 3709 1508 3804; baseline 0 -30"><span class='ocrx_word' id='word_1_233' title='bbox 482 3733 556 3775; x_wconf 74' lang='grc' dir='ltr'><strong>πων</strong></span> <span class='ocrx_word' id='word_1_234' title='bbox 578 3711 707 3776; x_wconf 83' lang='lat' dir='ltr'><strong>viarum</strong></span> <span class='ocrx_word' id='word_1_235' title='bbox 730 3714 844 3791; x_wconf 88' lang='lat' dir='ltr'><strong>medii,</strong></span> <span class='ocrx_word' id='word_1_236' title='bbox 873 3738 955 3784; x_wconf 83' lang='lat' dir='ltr'><strong>neve</strong></span> <span class='ocrx_word' id='word_1_237' title='bbox 978 3745 1105 3804; x_wconf 76' lang='grc' dir='ltr'><strong>κρινωσιν</strong></span> <span class='ocrx_word' id='word_1_238' title='bbox 1127 3741 1188 3786; x_wconf 88' lang='lat' dir='ltr'><strong>nos</strong></span> <span class='ocrx_word' id='word_1_239' title='bbox 1212 3726 1278 3787; x_wconf 90' lang='lat' dir='ltr'><strong>suis</strong></span> <span class='ocrx_word' id='word_1_240' title='bbox 1294 3709 1508 3787; x_wconf 66' lang='lat' dir='ltr'><strong>ermesindis</strong></span> 
     </span>
     <span class='ocr_line' id='line_1_31' title="bbox 482 3821 1509 3922; baseline -0.006 -23"><span class='ocrx_word' id='word_1_241' title='bbox 482 3833 523 3888; x_wconf 89' lang='lat' dir='ltr'><strong>nt</strong></span> <span class='ocrx_word' id='word_1_242' title='bbox 544 3835 769 3911; x_wconf 75' lang='grc' dir='ltr'><strong>κλιρυνομωμιι</strong></span> <span class='ocrx_word' id='word_1_243' title='bbox 792 3850 853 3893; x_wconf 82' lang='lat' dir='ltr'><strong>nos</strong></span> <span class='ocrx_word' id='word_1_244' title='bbox 878 3852 1010 3918; x_wconf 84' lang='lat' dir='ltr'><strong>quoque</strong></span> <span class='ocrx_word' id='word_1_245' title='bbox 1032 3833 1144 3904; x_wconf 86' lang='lat' dir='ltr'><strong>lumen</strong></span> <span class='ocrx_word' id='word_1_246' title='bbox 1165 3838 1214 3898; x_wconf 88' lang='lat' dir='ltr'><strong>tui</strong></span> <span class='ocrx_word' id='word_1_247' title='bbox 1236 3838 1353 3922; x_wconf 83' lang='lat' dir='ltr'><strong>patris,</strong></span> <span class='ocrx_word' id='word_1_248' title='bbox 1381 3844 1416 3897; x_wconf 89' lang='lat' dir='ltr'><strong>ut</strong></span> <span class='ocrx_word' id='word_1_249' title='bbox 1439 3821 1509 3891; x_wconf 78' lang='lat' dir='ltr'><strong>nesi</strong></span> 
     </span>
     <span class='ocr_line' id='line_1_32' title="bbox 481 3935 1531 4036; baseline 0.004 -35"><span class='ocrx_word' id='word_1_250' title='bbox 481 3955 558 4002; x_wconf 84' lang='lat' dir='ltr'><strong>mus</strong></span> <span class='ocrx_word' id='word_1_251' title='bbox 580 3940 699 4016; x_wconf 88' lang='lat' dir='ltr'><strong>miseri,</strong></span> <span class='ocrx_word' id='word_1_252' title='bbox 722 3940 911 4028; x_wconf 83' lang='lat' dir='ltr'><strong>indigentes,</strong></span> <span class='ocrx_word' id='word_1_253' title='bbox 937 3959 1028 4012; x_wconf 86' lang='lat' dir='ltr'><strong>extra</strong></span> <span class='ocrx_word' id='word_1_254' title='bbox 1050 3961 1093 4012; x_wconf 87' lang='lat' dir='ltr'><strong>te.</strong></span> <span class='ocrx_word' id='word_1_255' title='bbox 1137 3948 1228 4013; x_wconf 83' lang='lat' dir='ltr'><strong>Haeo</strong></span> <span class='ocrx_word' id='word_1_256' title='bbox 1250 3952 1357 4036; x_wconf 80' lang='lat' dir='ltr'><strong>igitur,</strong></span> <span class='ocrx_word' id='word_1_257' title='bbox 1380 3961 1464 4031; x_wconf 86' lang='lat' dir='ltr'><strong>quum</strong></span> <span class='ocrx_word' id='word_1_258' title='bbox 1479 3935 1531 3997; x_wconf 68' lang='lat' dir='ltr'><strong>lu’</strong></span> 
     </span>
     <span class='ocr_line' id='line_1_33' title="bbox 483 4054 1510 4147; baseline 0.005 -33"><span class='ocrx_word' id='word_1_259' title='bbox 483 4061 560 4114; x_wconf 82' lang='lat' dir='ltr'><strong>outa</strong></span> <span class='ocrx_word' id='word_1_260' title='bbox 590 4066 676 4117; x_wconf 88' lang='lat' dir='ltr'><strong>esset</strong></span> <span class='ocrx_word' id='word_1_261' title='bbox 704 4054 863 4122; x_wconf 83' lang='lat' dir='ltr'><strong>Maribam</strong></span> <span class='ocrx_word' id='word_1_262' title='bbox 891 4057 986 4135; x_wconf 87' lang='lat' dir='ltr'><strong>flens,</strong></span> <span class='ocrx_word' id='word_1_263' title='bbox 1022 4060 1224 4147; x_wconf 80' lang='lat' dir='ltr'><strong>respondens</strong></span> <span class='ocrx_word' id='word_1_264' title='bbox 1254 4061 1343 4127; x_wconf 89' lang='lat' dir='ltr'><strong>lesus</strong></span> <span class='ocrx_word' id='word_1_265' title='bbox 1371 4063 1402 4124; x_wconf 93' lang='lat' dir='ltr'><strong>in</strong></span> <span class='ocrx_word' id='word_1_266' title='bbox 1428 4067 1510 4135; x_wconf 71' lang='lat' dir='ltr'><strong>magu</strong></span> 
     </span>
     <span class='ocr_line' id='line_1_34' title="bbox 481 4159 1510 4254; baseline 0.003 -28"><span class='ocrx_word' id='word_1_267' title='bbox 481 4164 705 4232; x_wconf 85' lang='lat' dir='ltr'><strong>misericordia</strong></span> <span class='ocrx_word' id='word_1_268' title='bbox 728 4166 809 4234; x_wconf 84' lang='lat' dir='ltr'><strong>dixit</strong></span> <span class='ocrx_word' id='word_1_269' title='bbox 830 4172 882 4235; x_wconf 89' lang='lat' dir='ltr'><strong>iis:</strong></span> <span class='ocrx_word' id='word_1_270' title='bbox 907 4169 1036 4249; x_wconf 65' lang='lat' dir='ltr'><strong>aerios,</strong></span> <span class='ocrx_word' id='word_1_271' title='bbox 1059 4177 1124 4239; x_wconf 88' lang='lat' dir='ltr'><strong>mei</strong></span> <span class='ocrx_word' id='word_1_272' title='bbox 1147 4174 1276 4254; x_wconf 84' lang='lat' dir='ltr'><strong>fratres,</strong></span> <span class='ocrx_word' id='word_1_273' title='bbox 1299 4188 1333 4241; x_wconf 89' lang='lat' dir='ltr'><strong>et</strong></span> <span class='ocrx_word' id='word_1_274' title='bbox 1353 4175 1413 4240; x_wconf 89' lang='lat' dir='ltr'><strong>mei</strong></span> <span class='ocrx_word' id='word_1_275' title='bbox 1429 4159 1510 4234; x_wconf 76' lang='lat' dir='ltr'><strong>utet</strong></span> 
     </span>
    </p>
   </div>
   <div class='ocr_carea' id='block_1_3' title="bbox 565 4386 1168 4482">
    <p class='ocr_par' dir='ltr' id='par_1_6' title="bbox 565 4386 1168 4482">
     <span class='ocr_line' id='line_1_35' title="bbox 565 4386 1168 4482; baseline 0.028 -36"><span class='ocrx_word' id='word_1_276' title='bbox 565 4386 594 4446; x_wconf 88' lang='grc'><strong>9.</strong></span> <span class='ocrx_word' id='word_1_277' title='bbox 616 4390 748 4470; x_wconf 81' lang='lat' dir='ltr'><strong>quinque</strong></span> <span class='ocrx_word' id='word_1_278' title='bbox 769 4395 846 4473; x_wconf 79' lang='lat' dir='ltr'><strong>(edd.</strong></span> <span class='ocrx_word' id='word_1_279' title='bbox 869 4399 1095 4482; x_wconf 72' lang='lat' dir='ltr'><strong>„magnorum”</strong></span> <span class='ocrx_word' id='word_1_280' title='bbox 1117 4400 1168 4480; x_wconf 82' lang='grc' dir='ltr'><strong>Ρ.)</strong></span> 
     </span>
    </p>
   </div>
   <div class='ocr_carea' id='block_1_4' title="bbox 0 0 1625 5328">
    <p class='ocr_par' dir='ltr' id='par_1_7' title="bbox 0 0 1625 5328">
     <span class='ocr_line' id='line_1_36' title="bbox 0 0 1625 5328; baseline 0 0"><span class='ocrx_word' id='word_1_281' title='bbox 0 0 1625 5328; x_wconf 95' lang='lat' dir='ltr'><strong> </strong></span> 
     </span>
    </p>
   </div>
  </div>
 </body>
</html>
