3296 5354
684 468 726 536 71

168 653 197 717 ei
220 652 305 716 sicut
326 649 443 723 vestis,
468 667 535 733 qun
556 645 703 712 involvet
726 668 769 724 se,
793 657 827 713 et
849 651 933 714 sicut
945 648 1034 736 ζωνη,
1058 671 1124 736 qua
1139 651 1246 738 cinget

168 787 202 830 se
224 765 314 828 omni
336 776 497 847 tempore.
541 759 614 824 Hoc
637 773 686 826 est
709 782 792 849 opus
808 759 1036 841 ὣωβιιλλαντων
1057 784 1169 830 coram
1184 763 1244 830 do·

167 881 255 944 mino
285 890 319 941 et
346 875 525 940 dicentium
551 901 716 960 πιρανομα
745 888 860 940 contra
885 898 995 942 meam
1022 874 1142 964 ψυχην.
1188 877 1244 946 Tu

168 989 199 1058 is
226 991 373 1066 domine,
405 988 554 1064 domine,
585 987 637 1052 lac
664 987 922 1055 misericordiam
949 1012 1079 1056 mecum
1105 1005 1244 1078 propter

110 1130 126 1170 s
168 1119 262 1170 tuum
284 1123 416 1168 nomen.
454 1101 558 1166 Serva
579 1123 643 1178 me,
668 1101 758 1188 quod
781 1124 840 1189 ego
864 1117 1040 1190 pauperet
1059 1127 1118 1191 ego
1134 1107 1241 1172 miser.

170 1217 233 1284 Cor
254 1239 367 1282 meum
390 1214 561 1280 turbatum
584 1229 634 1280 est
659 1219 748 1280 intus
775 1219 810 1280 in
838 1238 901 1281 me.
945 1215 1119 1283 Abstulere
1146 1239 1242 1284 mee
1283 1204 1355 1279 110

167 1331 275 1398 medio
300 1334 384 1395 sicut
405 1329 559 1394 umbram
587 1329 784 1394 inclinatam.
829 1330 1053 1396 Excusserunt
1078 1351 1132 1396 me
1160 1333 1244 1398 sicut

171 1445 330 1519 locustas,
361 1442 461 1530 pedes
491 1445 556 1507 mei
588 1442 708 1508 debiles
740 1442 817 1506 facti
839 1446 874 1508 in
903 1470 1020 1533 νηπιιφ
1042 1457 1141 1530 atque
1168 1465 1244 1512 mea

171 1580 245 1624 caro
274 1553 374 1646 (σωρξ)
402 1569 531 1621 mutata
558 1569 694 1644 propter
723 1556 847 1634 oleum3
883 1579 943 1644 ego
973 1556 1005 1624 dt
1032 1557 1138 1624 factus
1168 1579 1243 1624 sum

113 1699 143 1740 ro
169 1675 208 1737 iis
228 1674 344 1736 irrisio.
383 1670 546 1735 Viderunt
567 1692 620 1734 mc
645 1683 677 1735 et
703 1683 880 1736 moverunt
907 1692 967 1736 sua
994 1674 1114 1759 capita,
1144 1669 1243 1749 βοηθιι

166 1789 260 1863 mihi,
290 1784 435 1861 domine,
465 1784 559 1861 deus,
590 1797 623 1848 et
645 1805 740 1848 serva
762 1806 816 1849 me
838 1809 921 1850 nara
943 1797 1036 1849 tuam
1058 1787 1242 1850 misericor·

168 1901 264 1966 diam.
310 1898 557 1985 Cognoscunto,
587 1897 671 1962 hauc
695 1919 765 1964 esse
791 1911 885 1962 tuam
906 1919 1056 1974 manum,
1085 1911 1186 1984 atque
1207 1909 1242 1964 te

169 2035 294 2080 creasse
328 2033 414 2088 eam,
453 2011 612 2077 domine.'’
668 2011 758 2076 Haec
792 2024 842 2076 est
876 2011 996 2100 solutio
1029 2009 1242 2078 duodecimae

168 2151 341 2213 μιτανωας,
365 2149 463 2211 quam
487 2125 568 2190 dixit
589 2148 684 2195 πιστις
705 2134 816 2211 croso,
838 2146 973 2191 versans
995 2127 1031 2190 in
1052 2125 1144 2190 chao.

113 2267 144 2307 rs
259 2240 398 2326 Pergens
421 2239 527 2304 adhuc
548 2238 638 2303 lesus
661 2241 695 2303 iu
718 2261 868 2304 sermone
888 2239 969 2304 dixit
991 2242 1057 2304 suis
1078 2235 1241 2325 peierasse

168 2353 364 2419 factumest
391 2355 510 2417 iterum
539 2365 616 2440 post
644 2352 740 2430 haec,
772 2353 926 2417 clamavit
954 2375 1086 2419 sursum
1116 2350 1159 2418 ad
1187 2373 1242 2420 me

167 2494 260 2539 τιστις
279 2476 390 2553 redsa,
414 2466 538 2530 dicens:
561 2466 673 2530 lumen
695 2466 871 2544 luminum,
894 2468 1102 2554 sepelisfiaxrs
1122 2469 1158 2530 in
1181 2463 1241 2532 du·

167 2581 294 2646 odecim
316 2606 425 2657 osores,
454 2583 529 2645 veni
555 2579 642 2644 infra
665 2601 729 2645 eos.
775 2581 915 2669 Propter
936 2581 999 2647 hoc
1028 2581 1093 2646 dixi
1117 2579 1241 2646 duode-

167 2699 230 2760 cim
262 2719 422 2780 μετανοιεις
453 2719 536 2758 sora
564 2716 833 2780 unumquemque
867 2721 968 2762 orave.
1019 2695 1112 2760 Nunc
1134 2697 1242 2782 igitur,

115 2834 143 2875 ao
168 2810 279 2874 lumen
312 2808 489 2884 luminum,
511 2811 642 2873 remitte
670 2808 749 2872 mihi
783 2829 892 2872 meam
924 2809 1116 2897 repellero,
1152 2806 1243 2895 quod

169 2926 312 2986 maxima
334 2934 399 2998 est,
431 2944 511 2986 nam
532 2921 651 2987 relictis
682 2945 780 2990 τοποις
807 2919 1000 2998 altitudinis,
1025 2924 1161 2986 venicus
1182 2921 1241 2988 ha·

169 3036 272 3100 hitavi
292 3039 326 3099 in
348 3060 443 3106 τοποις
467 3036 575 3100 chaus.
627 3035 717 3100 Haec
745 3037 844 3121 igitur
868 3055 971 3120 quum
993 3033 1126 3098 dixisset
1147 3056 1244 3104 τιστις

169 3159 282 3239 codsa,
311 3152 453 3237 perrexit
475 3148 581 3214 adhuc
609 3152 644 3213 in
672 3147 796 3213 decima
822 3150 920 3212 tertia
945 3171 1088 3234 μιτινοιφ
1119 3145 1241 3212 dicens:

169 3263 257 3334 Audi
285 3286 337 3328 me
364 3266 551 3350 ὑμνευουσαν
573 3262 646 3338 tibi,
673 3261 786 3326 lumen
807 3261 984 3337 luninum,
1014 3259 1091 3326 audi
1116 3281 1170 3326 me
1194 3257 1242 3326 di·

115 3404 142 3444 υ
170 3391 298 3444 centem
318 3404 474 3463 μπανοιαν
498 3376 613 3442 decimi
639 3379 727 3441 tertii
749 3400 865 3452 usuros,
893 3401 998 3453 sorau,
1028 3395 1069 3440 ex
1097 3395 1163 3461 quo
1187 3371 1243 3440 de-

169 3491 294 3570 scendi,
323 3507 362 3558 ut
381 3490 559 3580 impleatur
582 3489 707 3555 decima
728 3494 825 3556 tertia
846 3515 991 3574 μιτανοια.
1018 3489 1134 3556 decimi
1155 3489 1243 3554 tertii

166 3633 277 3678 usuros.
321 3607 412 3672 Haec
434 3605 670 3692 παραβεβηκυισ,
694 3603 844 3670 descendi
868 3607 977 3670 exiis.
1001 3604 1114 3698 'Nunc
1135 3605 1243 3691 igitur,

165 3723 281 3788 lumen
301 3721 474 3797 luminum,
497 3717 574 3784 audi
596 3741 649 3784 me
671 3721 858 3805 ύμνιυουσων
873 3720 932 3784 tibi
949 3723 984 3784 in
1004 3719 1242 3786 decimotertio

168 3861 268 3910 erues,
295 3855 369 3898 meo
391 3861 489 3922 τοπῳ,
518 3855 558 3898 ex
586 3856 652 3920 quo
682 3833 842 3898 descendi.
893 3833 997 3900 Servs
1023 3854 1090 3908 me,
1121 3831 1243 3906 lumen,

115 3973 143 4013 so
170 3952 206 4011 in
228 3967 347 4031 magno
375 3960 433 4012 tuo
456 3974 623 4036 μυστηριῳ,
658 3961 691 4013 et
717 3950 849 4013 remitte
875 3967 984 4012 meam
1011 3942 1189 4031 repetiisse
1209 3943 1245 4006 in

170 4073 230 4125 tua
252 4061 452 4138 remissione,
475 4075 508 4128 et
530 4060 573 4129 da
593 4062 673 4128 mihi
695 4061 877 4145 βαπτισμα,
903 4061 1050 4125 remittas
1072 4077 1148 4121 mes
1168 4073 1243 4144 pec-

173 4187 263 4254 cata,
288 4186 321 4240 et
342 4196 461 4266 purges
483 4199 538 4245 mc
560 4201 581 4242 a
601 4199 678 4244 mea
699 4175 890 4265 παριβασεις
920 4187 953 4240 et
973 4193 1048 4240 mea
1068 4169 1246 4262 τιμβασις

253 4407 304 4471 16.
327 4410 462 4497 Pergens
485 4411 563 4493 (add.
587 4407 619 4472 t·
639 4409 690 4489 P.)
