3240 5328
634 496 701 564 227

128 675 348 763 relinquentes
376 689 506 765 patrem
536 689 569 742 et
598 688 740 742 matrem
766 689 902 767 propter
934 699 1048 743 meum
1075 697 1206 759 nomen,

128 787 215 856 dabo
239 789 335 855 vobis
357 817 509 876 μυστηρωι
532 793 642 856 omnia
665 804 699 856 et
718 793 937 878 cognitionem
953 812 1094 872 omnem,
1119 793 1205 862 dabo

127 901 222 968 vobis
245 929 401 989 μυστηριον
418 903 591 970 duodecim
614 931 722 971 cruror
742 917 943 991 remorasset
966 927 1082 971 eorum
1103 916 1206 994 σφρα·

127 1013 224 1101 yades.
249 1038 429 1102 eorumque
444 1015 572 1104 ψηῲους
594 1030 628 1084 et
646 1017 793 1096 modurn,
816 1029 967 1085 επικολιιν
984 1041 1049 1096 eos,
1074 1020 1117 1086 ad
1131 1043 1206 1109 per-

88 1154 103 1193 s
128 1129 326 1194 veniendum
356 1130 399 1195 ad
430 1130 545 1194 eorum
574 1156 696 1208 vorsus,
733 1145 832 1217 atque
863 1135 961 1196 etiam
994 1131 1079 1198 dabo
1109 1133 1205 1201 vobis

127 1269 284 1328 μυστηριον
307 1242 423 1308 decimi
445 1247 532 1309 tertii
549 1271 649 1317 arasse
671 1257 704 1308 et
718 1244 865 1321 modum,
889 1257 1049 1323 nmmo,
1073 1247 1115 1312 ad
1129 1271 1205 1335 per·

127 1355 325 1422 veniendum
348 1356 389 1421 ad
412 1379 528 1422 eorum
543 1383 659 1434 rorans,
682 1372 716 1424 et
732 1357 817 1422 dabo
832 1357 927 1424 vobis
946 1380 1062 1424 eorum
1076 1357 1206 1449 deosve

130 1482 163 1533 et
186 1491 300 1534 eorum
323 1469 508 1556 σφραγιὸις,
532 1485 565 1536 et
588 1471 673 1538 dabo
696 1471 788 1537 vobis
811 1497 968 1556 μωστηρων
988 1472 1206 1557 &enarrasse

128 1581 248 1646 horum
272 1585 328 1670 qui
351 1585 538 1671 (pertinent)
562 1585 604 1650 ad
626 1611 727 1670 μισσν,
751 1595 784 1649 et
802 1583 940 1648 modum
964 1597 1132 1662 επικωλιιν,
1162 1585 1206 1651 ad

7 1739 8 1744 κ
78 1723 103 1764 ro
129 1696 387 1784 perveniendum
409 1698 452 1762 ad
475 1721 590 1763 eorum
612 1725 719 1770 τοπους
741 1713 774 1762 ct
802 1718 917 1762 eorum
939 1694 1067 1784 dadam
1089 1711 1123 1764 et
1150 1720 1205 1766 eo·

7 1845 11 1882 ι
129 1833 206 1876 rum
229 1809 404 1898 σφραγιὸιις
426 1812 618 1878 monstrabo
634 1812 738 1888 vobis,
762 1825 797 1876 et
818 1810 904 1876 dabo
920 1810 1014 1876 vobis
1037 1811 1204 1895 βαπτισμω

128 1923 250 1988 horum
274 1927 330 2010 qui
353 1927 539 2012 (pertinent)
563 1925 604 1989 ad
628 1925 793 2000 dextram,
819 1937 971 1988 nostrum
992 1949 1096 2000 sarar,
1119 1928 1203 1990 eius·

8 2103 12 2114 ,
130 2059 195 2124 que
223 2035 352 2126 dedens
382 2041 516 2126 eiusque
547 2037 722 2127 ropaycdas
757 2051 856 2124 atque
885 2037 1023 2102 modum
1053 2051 1205 2106 επικιλειν

7 2193 11 2232 3
130 2149 175 2215 ed
202 2151 461 2238 perveniendum
491 2153 583 2228 illuc,
617 2151 703 2216 dabo
736 2151 830 2216 vobis
857 2178 1008 2236 μυστηρισ,
1031 2155 1141 2217 omnia
1171 2165 1204 2218 et
1241 2142 1317 2217 364

77 2291 103 2332 rs
132 2267 351 2351 cognitionem
375 2287 519 2342 omnem,
546 2265 636 2352 quod
658 2265 825 2332 vocabunt
845 2287 905 2331 vos
929 2265 1014 2331 filios
1035 2279 1204 2353 πληρωμα·

128 2404 177 2449 τος
199 2377 367 2444 absolutos
384 2383 565 2465 cognitione
580 2383 668 2444 omni
684 2391 717 2444 et
732 2405 901 2467 μυστηριοις
917 2379 1078 2446 omnibus.
1113 2380 1202 2446 Estis

7 2543 11 2574 ,.
127 2517 271 2577 passam
292 2513 353 2558 vos
377 2495 449 2578 παρ’
467 2493 652 2559 hominibus
670 2493 831 2569 omnibus,
856 2495 912 2577 qui
934 2495 1088 2570 interra,
1113 2492 1204 2576 quod

129 2605 185 2669 iiiii
207 2605 338 2670 luminis
361 2621 523 2672 venerunt
544 2621 654 2673 vestro
679 2622 837 2695 tempore.
876 2605 1017 2692 Pergens
1041 2603 1147 2669 adhuc
1168 2607 1203 2668 in

130 2740 279 2784 sermone
301 2719 391 2784 lesus
419 2719 513 2783 dixit:
543 2720 681 2784 Factum
708 2724 807 2805 igitur
837 2732 886 2784 est
914 2733 993 2807 post
1021 2718 1114 2795 haec,
1145 2738 1203 2783 ve·

75 2859 103 2900 ss
130 2835 220 2898 niens
242 2846 337 2921 pater
359 2834 424 2896 mei
446 2833 559 2919 patris,
583 2834 638 2916 qui
661 2845 711 2895 est
732 2830 798 2905 led,
821 2830 897 2892 tulit
919 2833 1017 2892 etiam
1039 2843 1202 2895 trecentos
1249 2827 1271 2877 ··'

8 3013 12 3042 ζ
130 2949 296 3033 sexaginta
319 2969 470 3033 αρχοντας
488 2947 523 3008 ἱιι
545 2970 676 3031 saxones
699 2963 831 3028 quoque
853 2939 1009 3014 Adamae‚
1036 2944 1093 3025 qui
1114 2939 1205 3004 haud

128 3083 303 3126 mtrrwrav
317 3084 469 3146 μυπηριῳ
492 3057 632 3132 luminis,
654 3056 767 3142 ligavit
790 3075 846 3118 eos
868 3055 902 3116 in
920 3053 980 3116 hos
1004 3077 1111 3123 τοπους
1125 3077 1203 3138 aspr-

129 3199 201 3250 νους,
223 3175 257 3237 in
280 3171 399 3259 quibus
423 3193 536 3236 sumus
559 3191 646 3234 nunc
669 3167 730 3232 sub
747 3176 883 3254 σφαιρᾳς
906 3163 1082 3238 sedamen
1106 3167 1205 3230 etiam

130 3289 274 3374 quinque
303 3307 439 3373 magnos
471 3307 622 3369 apxosras
652 3301 843 3367 superem,
875 3282 931 3366 qui
961 3291 1040 3342 sunt
1067 3277 1115 3354 hi,
1147 3280 1203 3363 qui

9 3383 12 3478 ᾗ
76 3431 104 3472 ss
129 3413 302 3466 versantur
323 3403 357 3463 in
381 3402 435 3464 via
457 3396 554 3462 medii
583 3397 629 3483 (in
650 3415 753 3481 marg.
776 3391 876 3456 addit
899 3394 1044 3479 primum
1067 3415 1205 3478 αρχοντα.

9 3497 11 3506 X
129 3517 202 3579 viae
224 3513 333 3598 medii)
357 3511 536 3600 appellant:
564 3505 754 3594 Πωρωπληξ,
785 3531 889 3592 αρχων
912 3517 961 3570 cst
981 3513 1087 3594 μορφῃ
1109 3501 1203 3568 femi·

10 3613 11 3620 ἵ
129 3649 201 3706 nae,
225 3630 315 3692 euius
339 3625 473 3714 capillus
498 3620 664 3689 descendit
686 3620 728 3686 ad
751 3622 820 3685 eius
842 3616 952 3706 pedes.
990 3617 1075 3682 Sunt
1089 3619 1204 3703 viginti

10 3711 12 3830 ἶ
132 3745 274 3826 quinque
305 3739 522 3826 cpxtdnmerm
557 3736 619 3802 sub
656 3738 725 3802 cius
761 3730 896 3823 εξουσιφ,
934 3757 1071 3817 saxam
1106 3751 1205 3815 super

10 3841 13 3942 'y
132 3852 237 3916 multa
259 3852 322 3914 alis
345 3849 498 3934 δαιμονιι,
525 3850 659 3915 ethaeo
682 3846 824 3934 derisoria
847 3857 925 3910 sunt
944 3845 1024 3917 ista,
1048 3861 1131 3926 quae
1153 3841 1203 3902 in·

78 3992 106 4036 ss
132 3976 223 4030 tram
244 3966 278 4028 in
306 3963 469 4038 homines,
498 3975 538 4024 ut
563 3965 761 4037 irascantur,
791 3972 829 4024 ut
857 3957 1076 4023 convicientur
1105 3963 1139 4016 et
1165 3961 1205 4014 ut

11 4049 12 4080 ³
132 4089 367 4152 καταλαλωπν,
398 4088 431 4141 et
458 4078 522 4140 ista
551 4073 706 4140 auferunt
727 4072 844 4162 ψυχας
864 4089 1054 4158 neptunum,
1083 4075 1124 4128 11¹²
1145 4063 1202 4128 eii·

216 4221 266 4282 13.
290 4233 377 4301 atque
403 4219 478 4296 (add.
500 4219 639 4296 „etiam”
662 4220 711 4296 Ρ.)
775 4215 824 4276 tt.
851 4215 913 4275 illic
935 4211 1013 4290 (add.
1043 4221 1103 4287 „et
1128 4207 1203 4269 dabo

132 4322 218 4384 vobis
239 4341 377 4404 magnum
398 4343 546 4403 μυστηριον
566 4317 716 4403 Quanam
745 4317 880 4390 luminis,
907 4324 995 4393 atque
1022 4311 1111 4372 etiam
1139 4329 1203 4370 mo·

132 4420 432 4498 dommartinum
453 4417 684 4500 perreniendum
706 4417 803 4478 iiluc’'
825 4415 875 4490 P.)

986 4519 1001 4550 a

954 4545 980 4620 P
