3240 5328
610 468 677 536 203

108 645 241 725 eudo-rs,
272 670 358 734 quse
387 650 422 714 in
452 649 519 714 suis
550 649 654 724 ostiis,
691 669 813 714 nomen
841 650 913 717 ω’
936 652 1181 740 unumquodvis

108 765 227 828 ostium
250 784 405 846 omassum
439 761 573 826 ethaeo
597 760 770 827 duodecim
797 767 931 828 nomino
954 779 1031 829 sunt
1053 765 1181 832 diverse

105 878 190 940 inter
214 897 264 949 se,
294 874 352 940 scd
375 873 490 962 (otte)
512 876 625 940 insunt
646 878 680 940 in
708 889 811 942 semet
836 880 976 942 invicem
999 877 1180 956 duodecim,

105 994 181 1055 eim
197 992 253 1074 qui
271 989 388 1053 dixerit
411 1009 513 1052 unum
530 1010 659 1063 nomen,
684 989 770 1054 dicat
785 994 918 1055 nomine
935 995 1054 1056 omnis.
1091 992 1181 1057 Haeo

65 1124 80 1163 s
106 1104 204 1189 igitur
233 1101 340 1166 dicam
368 1099 462 1166 vobis
489 1104 525 1164 in
552 1105 758 1168 emanatione
785 1107 938 1169 universi.
993 1105 1055 1169 Hic
1083 1109 1181 1192 igitur

107 1228 156 1282 est
177 1213 312 1290 modus,
336 1237 402 1300 quo
427 1227 478 1279 est
501 1213 603 1300 caligo
628 1196 884 1301 extennc‚'quae
908 1217 1022 1281 eadem
1045 1223 1181 1297 estipe-

106 1355 173 1394 sos.
209 1329 297 1392 Haec
321 1331 418 1414 igitur
441 1348 543 1412 quum
569 1326 703 1392 dixisset
724 1353 832 1414 comp,
854 1331 1056 1417 respondens
1078 1332 1181 1398 Maria

108 1441 190 1505 dixit
211 1462 329 1522 σωτηριε
353 1441 399 1503 mi
422 1439 561 1515 domine,
583 1463 663 1504 num
687 1455 827 1511 κολασιις
842 1441 993 1526 iponem<
1008 1445 1094 1510 iliius
1109 1468 1180 1510 sae
1219 1442 1293 1516 324

107 1555 259 1618 vissimoe
294 1579 380 1632 sepe
406 1566 565 1618 semem
598 1557 746 1618 omnium
778 1555 916 1637 κρισεωνῖ
967 1557 1180 1643 Respondeas

55 1691 82 1731 ts
108 1693 201 1747 σωτηρ
226 1666 306 1730 dixit
327 1665 463 1730 Mariae:
492 1691 525 1732 ov
543 1695 632 1755 μνον
654 1668 804 1754 affligunt
825 1695 910 1754 ‘copo
927 1683 1086 1735 κολασισιν
1109 1693 1180 1735 om·

106 1780 203 1846 nibus
226 1807 357 1864 κρισιων,
384 1792 474 1846 osso
493 1777 605 1866 ψυχαι
630 1803 758 1857 omnes,
788 1805 869 1867 quas
893 1782 1014 1847 ducent
1039 1785 1073 1846 in
1095 1809 1181 1849 soros

106 1895 215 1971 illum,
245 1906 341 1958 erunt
491 1895 526 1958 in
555 1895 630 1983 gelu
658 1895 758 1972 duro,
795 1909 828 1960 et
853 1897 1032 1982 χαλωζαις,
1062 1909 1095 1962 et
1115 1899 1181 1984 igni

107 2011 314 2083 saevissimo,
345 2029 429 2094 quae
453 2022 529 2072 sunt
551 2012 585 2073 in
606 2037 688 2095 τοπῳ
710 2009 781 2084 illo,
812 2009 885 2076 αλλ’
908 2013 1006 2086 etiem
1032 2012 1066 2074 in
1093 2011 1181 2076 solu·

108 2125 199 2187 tione
222 2148 349 2204 κοσμου,
373 2144 456 2208 quoe
480 2137 529 2186 est
552 2126 675 2188 evectio
699 2125 858 2198 universi,
879 2121 990 2210 doxon
1012 2123 1086 2188 iliae
1107 2150 1181 2190 evo·

53 2261 82 2302 ss
108 2250 300 2308 λισκησινται
323 2235 397 2322 gelu
419 2234 503 2300 duro
528 2249 561 2300 et
583 2239 647 2323 igni
676 2239 880 2314 saevissimo,
909 2248 943 2301 et
970 2250 1066 2301 erunt
1091 2235 1181 2302 haud
1222 2223 1258 2286 ³(

109 2352 283 2416 existentes
307 2371 411 2436 usque
436 2347 478 2412 ad
501 2361 678 2414 aeternum.
724 2349 937 2438 Respondens
960 2351 1061 2415 Mario
1085 2350 1181 2416 dixit:

106 2487 168 2530 vae
196 2462 323 2550 doxon
358 2476 578 2550 peccatorum.
629 2464 724 2528 Nunc
751 2466 850 2550 igitur
877 2491 934 2540 ουν,
964 2467 1009 2527 mi
1039 2463 1182 2540 domine,

106 2601 187 2644 num
214 2581 310 2666 ignis,
343 2579 399 2662 qui
426 2580 461 2641 in
489 2603 570 2664 τοπῳ
598 2580 723 2664 generis
750 2578 885 2642 humani
914 2575 1108 2653 ferventior,
1139 2600 1182 2642 en

107 2695 205 2778 ignis,
234 2694 289 2776 qui
312 2694 346 2754 in
369 2711 462 2766 orco,
491 2690 691 2755 ferventior?
742 2691 956 2778 Respondeus
986 2717 1079 2776 consp
1102 2690 1183 2761 dixit

54 2829 82 2872 ss
109 2806 247 2870 dictiue:
271 2809 351 2884 ἀμην
375 2803 446 2868 dico
471 2803 544 2868 tibi:
567 2802 746 2868 ferventior
769 2818 819 2868 est
841 2807 937 2889 ignis,
960 2811 1015 2888 qui
1038 2809 1071 2869 in
1094 2827 1182 2882 oceo,

110 2940 211 3005 quam
233 2919 324 3004 ignis,
348 2919 404 3003 qui
426 2919 461 2980 in
483 2937 601 3004 genere
623 2915 778 2990 humano,
801 2918 928 2990 novies,
952 2929 985 2980 et
1006 2919 1103 3001 ignis,
1126 2920 1183 3002 qui

108 3035 144 3096 in
166 3043 311 3096 sotertes
339 3033 447 3116 magni
476 3031 561 3106 choi,
593 3030 707 3094 durior
730 3051 830 3116 quam
856 3028 924 3106 hio,
953 3031 1009 3114 qui
1037 3031 1071 3092 in
1095 3049 1183 3104 orco,

108 3146 239 3220 novies,
271 3156 305 3207 et
329 3146 426 3230 ignis,
457 3147 513 3230 qui
541 3147 575 3208 in
603 3170 729 3230 κρισισιι
749 3168 899 3226 sexos-sois
928 3145 964 3205 iu
991 3143 1045 3205 via
1074 3141 1183 3220 medii,

110 3257 225 3324 durior
253 3279 352 3342 quam
379 3260 461 3344 ignis
489 3271 652 3333 κολασεων,
686 3279 771 3344 quoe
797 3259 831 3320 in
856 3278 974 3342 magno
998 3256 1093 3331 chao,
1122 3278 1183 3320 no·

55 3396 84 3436 ss
110 3375 195 3450 vies,
223 3385 321 3457 atque
343 3373 440 3458 ignis,
463 3374 576 3458 quiin
599 3371 731 3456 dpoxom
755 3369 896 3456 caliginis
920 3382 1073 3434 externae
1096 3382 1129 3433 et
1150 3371 1184 3434 in
1221 3361 1295 3436 325

109 3511 236 3570 notesco
259 3485 425 3562 omnibus,
456 3487 596 3571 quaein
621 3505 679 3560 eo,
706 3483 854 3549 duriores
878 3505 976 3570 quam
1000 3485 1099 3570 ignis,
1128 3485 1184 3568 qui

108 3602 145 3664 in
171 3615 331 3668 notorious
359 3600 526 3678 omnibus,
556 3621 640 3686 quac
669 3601 704 3664 in
731 3624 855 3682 secessu
876 3623 1026 3682 αρχοντων
1054 3598 1183 3676 horum,

111 3717 225 3798 quiin
246 3718 301 3780 vis
323 3715 434 3789 medii,
463 3715 576 3780 durior
597 3716 637 3779 iis
670 3717 798 3802 septies.
842 3713 931 3779 Haeo
955 3711 985 3778 de
1009 3734 1113 3798 quum
1135 3711 1184 3776 di-

112 3825 213 3886 xisset
238 3851 332 3907 σωτηρ
361 3829 497 3901 Mariae,
527 3831 688 3912 percussit
714 3849 812 3890 suum
839 3837 969 3908 pectus,
1000 3823 1185 3885 exclamans

59 3958 87 4000 so
114 3934 206 4000 flevit
226 3937 298 4020 ipsa
321 3948 355 3998 et
375 3933 508 4020 μιθητιι
531 3957 645 4000 omnes
673 3935 771 4000 simul
793 3935 917 3998 dicens:
944 3953 1006 3997 vae
1034 3945 1185 4020 peccato·

196 4087 226 4148 5.
247 4089 378 4149 universi
404 4087 452 4166 (sd
473 4087 611 4149 verbum:
635 4089 818 4165 „univcrss‚
845 4108 869 4147 s.
890 4087 986 4148 tots.”
1023 4086 1082 4148 Sed
1103 4087 1187 4167 τηρῇ

113 4190 258 4270 seriptum
279 4187 399 4249 videtur
420 4209 475 4270 pro
496 4189 524 4248 E
545 4191 652 4269 mnus]
678 4187 864 4264 ‚,noiversi”
879 4187 926 4263 P.)
978 4187 1028 4247 12.
1054 4186 1092 4246 cs.
1115 4198 1186 4248 note

112 4291 148 4351 sd
170 4292 247 4366 eta,
261 4291 290 4348 i.
312 4286 366 4348 1.7
387 4289 421 4350 P.
441 4321 476 4338 -
497 4288 543 4350 bis
558 4289 745 4370 „et''(stqne
766 4288 853 4349 etiam
874 4287 922 4365 P.)
969 4285 1019 4347 15.
1040 4285 1187 4347 imatu-

114 4411 253 4450 ooorm-
264 4401 296 4451 et
306 4389 371 4472 igni
383 4391 487 4472 (atque
499 4389 587 4452 etiam
597 4389 664 4474 igni
677 4389 727 4470 P.)
757 4387 808 4450 28.
820 4388 932 4472 septies
942 4387 1128 4472 (septosgies
1136 4387 1187 4468 Ρ.)
