3254 5340
927 479 972 546 84

408 665 445 728 in
467 659 597 736 eredunt
618 658 759 735 luminis,
783 671 817 724 et
837 660 923 724 vires
947 679 1061 724 omnes
1084 655 1216 722 luminis
1236 665 1350 746 σοφιις
1366 679 1484 745 eogno-

409 797 488 844 vere
511 797 546 840 se
574 777 714 838 invicem
742 795 802 862 per
831 773 986 860 απορῥαιαν
1008 772 1150 849 luminis,
1181 785 1214 836 et
1237 785 1385 836 servatae
1409 787 1486 836 sunt

411 890 576 956 alumine
599 892 755 973 απορροιας
777 887 872 951 illius.
915 886 1024 973 Atque
1048 887 1189 976 απορῤοιω
1211 886 1352 961 luminis,
1382 910 1486 974 quum

411 1004 599 1070 abstulisset
619 1004 743 1067 lumina
766 1023 785 1064 u
808 1001 973 1082 προβολαις
996 999 1152 1076 nudatione,
1177 1022 1260 1085 quae
1280 999 1486 1064 abstulerunt

298 1103 368 1180 131
411 1143 432 1186 a
453 1144 548 1184 remu
567 1127 673 1202 σοφιᾳ,
696 1116 806 1180 intulit
828 1137 868 1180 ea
888 1116 924 1178 in
945 1140 1040 1182 πιστιν
1062 1123 1183 1202 rapiar,
1206 1127 1305 1200 utque
1328 1137 1486 1180 conversa
1521 1137 1533 1175 s

412 1229 581 1298 adscendit
601 1233 636 1292 in
658 1230 749 1293 chao.

500 1345 590 1409 Haec
612 1345 710 1430 igitur
733 1365 836 1429 quum
857 1344 1001 1429 primum
1016 1368 1173 1424 priusnos
1193 1341 1325 1406 dixisset
1341 1345 1406 1406 suis
1420 1369 1486 1428 μι-

412 1457 511 1532 danus
533 1457 629 1521 facta·
643 1479 712 1521 esse
736 1459 767 1542 (i.
783 1479 810 1520 e.
832 1457 987 1541 evenisse)
1017 1483 1113 1522 πιπτει
1138 1466 1234 1544 rapte
1258 1459 1292 1520 in
1315 1457 1406 1532 chao,
1434 1480 1485 1522 re-

412 1571 577 1662 spondens
613 1570 695 1635 dixit
722 1573 775 1635 iis:
811 1597 910 1650 νοειτε,
944 1571 1112 1658 quomodo
1145 1570 1316 1635 vobiscum
1345 1571 1484 1655 loquar?

412 1687 608 1774 Progressus
637 1686 754 1750 Petrus
784 1685 879 1749 dixit:
908 1687 954 1749 mi
977 1684 1123 1762 domine,
1153 1684 1193 1750 de
1222 1685 1384 1749 solutione
1410 1706 1484 1749 ver·
1511 1707 1534 1746 n

412 1801 543 1878 borum,
567 1822 651 1888 quae
668 1800 785 1875 dixisti,
807 1813 867 1863 tua
881 1802 930 1864 vis
953 1800 1083 1864 luminis
1105 1809 1318 1885 επροφητευσεν
1334 1799 1412 1865 olim
1427 1820 1485 1887 per

343 1947 348 1957 =
414 1916 628 1982 Solomouem
658 1919 692 1978 in
722 1917 792 1978 eius
823 1912 925 2000 pinis:
956 1914 1119 2000 „Egressa
1149 1915 1290 2000 ωπορῥωα.
1320 1913 1408 1977 facta
1438 1926 1487 1977 est

413 2053 571 2117 magnum
593 2029 728 2104 flumen,
751 2028 871 2105 iatum;
902 2029 1036 2091 attraxit
1057 2049 1113 2092 eos
1137 2049 1267 2104 omnes,
1296 2041 1329 2091 et
1351 2049 1486 2091 conver-

414 2167 485 2209 sam
515 2165 613 2229 super
640 2142 800 2229 tempium
828 2140 919 2205 haud
947 2154 1128 2228 potuerunt
1163 2163 1278 2228 capere
1306 2145 1341 2205 in
1369 2142 1485 2206 clausis
1602 2158 1606 2193 Ι

415 2268 448 2322 et
469 2258 504 2318 in
525 2255 604 2318 loeIs
628 2254 813 2330 aedificatis,
837 2277 943 2340 neque
964 2268 1145 2342 potuerunt
1159 2276 1274 2342 capere
1291 2277 1364 2320 earn
1379 2282 1484 2337 τεχνιυ
1513 2277 1537 2318 u

414 2371 610 2458 capientium
626 2369 709 2432 illos.
742 2368 917 2432 Duxerunt
939 2391 1012 2432 eam
1035 2381 1274 2456 superterram
1296 2383 1413 2445 totam,
1437 2382 1485 2432 at·

415 2506 479 2572 que
502 2481 674 2570 prehendit
696 2503 752 2546 eos
777 2504 899 2546 omnes.
944 2482 1105 2546 Biberunt
1117 2496 1285 2548 versantes
1301 2505 1401 2570 super
1415 2505 1485 2546 are·

1603 2491 1609 2600 t

413 2619 491 2662 nam
514 2596 648 2660 aridam.
693 2596 820 2660 Eorum
844 2599 911 2660 sitis
935 2595 1043 2660 solutu
1066 2609 1116 2660 est
1138 2610 1171 2661 et
1193 2600 1359 2672 exstincta,
1382 2619 1486 2683 quum

414 2710 579 2776 dedissent
607 2712 645 2774 iis
675 2724 794 2799 potum
824 2710 865 2774 ab
898 2710 1034 2774 excelso.
1085 2719 1233 2793 Manapin
1259 2725 1336 2774 sunt
1362 2711 1486 2777 dianoni

412 2839 513 2912 potus
542 2824 642 2900 illius,
671 2824 789 2910 quibus
818 2823 1004 2890 concredita
1034 2837 1083 2888 est
1112 2847 1199 2910 aqua
1221 2824 1353 2888 domini.
1398 2823 1485 2888 Con·
1512 2845 1539 2885 ι

413 2951 585 3005 verterunt
606 2937 693 3003 labia
715 2938 821 3014 arida,
853 2950 1041 3003 sumserunt
1060 2940 1208 3024 vigorem
1231 2941 1329 3003 animi
1351 2938 1398 3014 hi,
1429 2941 1487 3025 qui
1605 2905 1608 3026 i

413 3067 508 3119 erant
531 3052 645 3124 soluti:
667 3053 913 3142 prehenderunt
935 3055 966 3140 (i.
983 3051 1004 3116 i.
1021 3053 1267 3136 confirmarunt)
1282 3051 1407 3140 ψυχας,
1430 3055 1485 3116 eii·
1607 3035 1608 3102 i

413 3170 533 3232 cientes
556 3167 707 3243 halitum,
738 3181 777 3230 ut
798 3190 839 3232 ne
861 3180 1083 3244 morerentur3
1111 3179 1285 3230 erexerunt
1311 3180 1392 3247 μελη
1420 3167 1486 3231 col·
1606 3131 1608 3265 i

412 3280 520 3369 lapsa3
551 3280 712 3346 dederunt
733 3280 837 3345 robur
860 3302 937 3344 suae
961 3281 1108 3369 παρῥησιφ
1131 3293 1230 3366 atque
1253 3280 1415 3345 dederunt
1434 3280 1486 3344 lu·

414 3415 485 3458 cern
501 3397 567 3458 suis
583 3395 694 3468 oculis,
718 3393 809 3479 quod
831 3396 883 3458 isti
900 3416 1013 3458 omnes
1030 3415 1210 3480 cognovere
1227 3416 1259 3458 se
1282 3397 1317 3458 in
1340 3393 1484 3470 domino,
1512 3415 1540 3455 rs

413 3520 513 3591 atque
536 3509 655 3568 servati
679 3519 756 3569 sunt
778 3528 865 3592 aqua
886 3509 973 3572 vitae
995 3530 1100 3593 usque
1121 3507 1163 3572 ad
1179 3509 1376 3573 aeternum.”
1398 3507 1486 3573 Audi

411 3620 526 3703 igitur,
555 3620 600 3679 mi
624 3617 771 3694 domine,
801 3619 969 3706 proferam
997 3621 1137 3686 verbum
1166 3625 1200 3686 in
1230 3623 1377 3709 παρ’ρὲησις.
1403 3649 1487 3688 κατα.

201 3721 207 3732 ’
299 3731 373 3808 132
411 3730 558 3806 modum,
582 3752 647 3815 quo
671 3745 729 3796 tua
750 3735 800 3797 vis
824 3744 1023 3818 επροφητευσε
1045 3757 1104 3824 per
1125 3735 1351 3801 Solomonemt
1373 3737 1488 3824 ‚moi-

410 3849 476 3938 ροια.
498 3868 627 3935 egressa
650 3846 736 3911 iacta
760 3861 810 3912 est
831 3871 987 3935 magnum
1009 3849 1132 3914 flumen
1154 3850 1285 3926 latum‚'’
1309 3849 1399 3937 quod
1419 3863 1486 3914 ests

412 3963 552 4053 ωποῤῥοιω
574 3962 706 4026 luminis
729 3961 865 4027 dilatata
887 3978 937 4028 est
963 3966 997 4027 in
1020 3964 1117 4040 chao,
1145 3967 1180 4028 iu
1198 3989 1304 4046 ⁴mm
1333 3963 1486 4028 omnibus
1513 3984 1542 4025 ω

493 4125 524 4182 2.
553 4144 607 4204 per
633 4121 780 4209 απορῥοιαν
806 4126 877 4204 (per
903 4145 996 4184 meam
1022 4122 1169 4210 απορῥοιαν
1191 4125 1240 4200 Ρ.)
1323 4123 1354 4182 3.
1382 4123 1487 4204 Atque

410 4219 544 4308 απορῥοια
565 4221 680 4303 (Atque
702 4245 766 4283 mea
785 4221 919 4304 απορῥοια
940 4224 987 4300 Ρ.)
1056 4222 1087 4283 7.
1109 4225 1232 4285 dixisset
1252 4224 1314 4284 suis
1336 4223 1489 4304 (deleatur

410 4321 514 4397 „suis”
535 4320 586 4398 P.)
628 4319 678 4381 15.
701 4343 798 4402 neque
820 4323 898 4403 (add.
921 4319 1012 4402 ουδε.)
1055 4323 1106 4384 21.
1128 4325 1216 4385 animi
1238 4325 1336 4404 (Loco
1353 4323 1488 4401 „animi”

411 4419 573 4505 legendum
593 4418 712 4482 ridetur
733 4421 788 4500 „in
809 4423 888 4483 me.’'
911 4423 948 4484 cf.
969 4423 1046 4485 infra
1065 4443 1096 4505 p.
1117 4423 1178 4486 133
1199 4427 1274 4503 pud.
1289 4424 1320 4485 d.
1342 4423 1363 4484 l.
1383 4421 1413 4484 4.
1434 4423 1489 4501 Ρ.)
