<?xml version="1.0" encoding="UTF-8"?>
<!DOCTYPE html PUBLIC "-//W3C//DTD XHTML 1.0 Transitional//EN"
    "http://www.w3.org/TR/xhtml1/DTD/xhtml1-transitional.dtd">
<html xmlns="http://www.w3.org/1999/xhtml" xml:lang="en" lang="en">
 <head>
  <title>
</title>
<meta http-equiv="Content-Type" content="text/html;charset=utf-8" />
  <meta name='ocr-system' content='tesseract 3.04.00' />
  <meta name='ocr-capabilities' content='ocr_page ocr_carea ocr_par ocr_line ocrx_word'/>
</head>
<body>
  <div class='ocr_page' id='page_1' title='image "./pistissophiaopu00petegoog_0458.png"; bbox 0 0 3296 5354; ppageno 0'>
   <div class='ocr_carea' id='block_1_1' title="bbox 681 463 725 580">
    <p class='ocr_par' dir='ltr' id='par_1_1' title="bbox 681 463 725 580">
     <span class='ocr_line' id='line_1_1' title="bbox 681 463 725 580; baseline 0 0"><span class='ocrx_word' id='word_1_1' title='bbox 681 463 725 580; x_wconf 61' lang='lat'><strong>,2⁷</strong></span> 
     </span>
    </p>
   </div>
   <div class='ocr_carea' id='block_1_2' title="bbox 105 645 1336 4492">
    <p class='ocr_par' dir='ltr' id='par_1_2' title="bbox 105 645 1336 4492">
     <span class='ocr_line' id='line_1_2' title="bbox 159 645 1238 733; baseline 0.004 -21"><span class='ocrx_word' id='word_1_2' title='bbox 159 645 270 713; x_wconf 85' lang='lat' dir='ltr'><strong>locum</strong></span> <span class='ocrx_word' id='word_1_3' title='bbox 292 645 394 719; x_wconf 83' lang='lat' dir='ltr'><strong>vires,</strong></span> <span class='ocrx_word' id='word_1_4' title='bbox 419 663 505 730; x_wconf 83' lang='lat' dir='ltr'><strong>quae</strong></span> <span class='ocrx_word' id='word_1_5' title='bbox 528 655 605 708; x_wconf 78' lang='lat' dir='ltr'><strong>tunt</strong></span> <span class='ocrx_word' id='word_1_6' title='bbox 625 645 713 710; x_wconf 85' lang='lat' dir='ltr'><strong>vires</strong></span> <span class='ocrx_word' id='word_1_7' title='bbox 736 665 776 710; x_wconf 82' lang='lat' dir='ltr'><strong>ex</strong></span> <span class='ocrx_word' id='word_1_8' title='bbox 790 646 885 733; x_wconf 82' lang='lat' dir='ltr'><strong>ipsis,</strong></span> <span class='ocrx_word' id='word_1_9' title='bbox 909 665 993 733; x_wconf 85' lang='lat' dir='ltr'><strong>quae</strong></span> <span class='ocrx_word' id='word_1_10' title='bbox 1009 647 1144 714; x_wconf 85' lang='lat' dir='ltr'><strong>eaedem</strong></span> <span class='ocrx_word' id='word_1_11' title='bbox 1159 664 1238 716; x_wconf 91' lang='lat' dir='ltr'><strong>sunt</strong></span> 
     </span>
     <span class='ocr_line' id='line_1_3' title="bbox 157 757 1236 846; baseline 0.008 -25"><span class='ocrx_word' id='word_1_12' title='bbox 157 757 281 846; x_wconf 62' lang='grc' dir='ltr'><strong>ψυχαι.</strong></span> <span class='ocrx_word' id='word_1_13' title='bbox 326 757 417 824; x_wconf 85' lang='lat' dir='ltr'><strong>Haec</strong></span> <span class='ocrx_word' id='word_1_14' title='bbox 438 759 539 844; x_wconf 82' lang='lat' dir='ltr'><strong>igitur</strong></span> <span class='ocrx_word' id='word_1_15' title='bbox 560 771 813 845; x_wconf 80' lang='lat' dir='ltr'><strong>perseverarunt</strong></span> <span class='ocrx_word' id='word_1_16' title='bbox 835 758 989 826; x_wconf 81' lang='lat' dir='ltr'><strong>facientes</strong></span> <span class='ocrx_word' id='word_1_17' title='bbox 1011 774 1133 836; x_wconf 75' lang='grc' dir='ltr'><strong>κυκλοις</strong></span> <span class='ocrx_word' id='word_1_18' title='bbox 1154 763 1236 830; x_wconf 90' lang='lat' dir='ltr'><strong>duo·</strong></span> 
     </span>
     <span class='ocr_line' id='line_1_4' title="bbox 159 872 486 961; baseline -0.009 -22"><span class='ocrx_word' id='word_1_19' title='bbox 159 872 222 939; x_wconf 88' lang='lat' dir='ltr'><strong>bus</strong></span> <span class='ocrx_word' id='word_1_20' title='bbox 245 885 486 961; x_wconf 83' lang='lat' dir='ltr'><strong>permanentes.</strong></span> 
     </span>
     <span class='ocr_line' id='line_1_5' title="bbox 249 986 1237 1072; baseline 0.006 -21"><span class='ocrx_word' id='word_1_21' title='bbox 249 986 388 1051; x_wconf 84' lang='lat' dir='ltr'><strong>Factmn</strong></span> <span class='ocrx_word' id='word_1_22' title='bbox 417 986 516 1072; x_wconf 81' lang='lat' dir='ltr'><strong>igitur</strong></span> <span class='ocrx_word' id='word_1_23' title='bbox 547 999 613 1062; x_wconf 87' lang='lat' dir='ltr'><strong>cst,</strong></span> <span class='ocrx_word' id='word_1_24' title='bbox 638 1008 742 1072; x_wconf 89' lang='lat' dir='ltr'><strong>quum</strong></span> <span class='ocrx_word' id='word_1_25' title='bbox 770 989 934 1052; x_wconf 85' lang='lat' dir='ltr'><strong>venissem</strong></span> <span class='ocrx_word' id='word_1_26' title='bbox 964 987 1179 1056; x_wconf 86' lang='lat' dir='ltr'><strong>adscensurus</strong></span> <span class='ocrx_word' id='word_1_27' title='bbox 1201 995 1237 1056; x_wconf 92' lang='lat' dir='ltr'><strong>in</strong></span> 
     </span>
     <span class='ocr_line' id='line_1_6' title="bbox 117 1097 1336 1193; baseline 0.003 -28"><span class='ocrx_word' id='word_1_28' title='bbox 117 1124 131 1165; x_wconf 84' lang='grc' dir='ltr'>ι</span> <span class='ocrx_word' id='word_1_29' title='bbox 158 1097 322 1177; x_wconf 63' lang='lat' dir='ltr'><strong>barecae,</strong></span> <span class='ocrx_word' id='word_1_30' title='bbox 355 1112 617 1187; x_wconf 88' lang='lat' dir='ltr'><strong>propterquam</strong></span> <span class='ocrx_word' id='word_1_31' title='bbox 640 1112 776 1164; x_wconf 87' lang='lat' dir='ltr'><strong>vocatus</strong></span> <span class='ocrx_word' id='word_1_32' title='bbox 800 1122 874 1165; x_wconf 89' lang='lat' dir='ltr'><strong>sum</strong></span> <span class='ocrx_word' id='word_1_33' title='bbox 901 1122 961 1188; x_wconf 88' lang='lat' dir='ltr'><strong>per</strong></span> <span class='ocrx_word' id='word_1_34' title='bbox 983 1115 1117 1171; x_wconf 79' lang='grc' dir='ltr'>κιλιυσιν</span> <span class='ocrx_word' id='word_1_35' title='bbox 1139 1108 1236 1193; x_wconf 90' lang='lat' dir='ltr'><strong>primi</strong></span> <span class='ocrx_word' id='word_1_36' title='bbox 1287 1097 1336 1170; x_wconf 84' lang='lat'><strong>38</strong></span> 
     </span>
     <span class='ocr_line' id='line_1_7' title="bbox 157 1211 1235 1302; baseline 0.004 -22"><span class='ocrx_word' id='word_1_37' title='bbox 157 1239 337 1300; x_wconf 76' lang='grc' dir='ltr'>μυστηριου,</span> <span class='ocrx_word' id='word_1_38' title='bbox 361 1211 514 1278; x_wconf 83' lang='lat' dir='ltr'><strong>adscendi</strong></span> <span class='ocrx_word' id='word_1_39' title='bbox 535 1215 570 1276; x_wconf 93' lang='lat' dir='ltr'><strong>in</strong></span> <span class='ocrx_word' id='word_1_40' title='bbox 592 1212 736 1278; x_wconf 88' lang='lat' dir='ltr'><strong>medium</strong></span> <span class='ocrx_word' id='word_1_41' title='bbox 751 1239 893 1302; x_wconf 69' lang='lat' dir='ltr'><strong>supervos</strong></span> <span class='ocrx_word' id='word_1_42' title='bbox 911 1241 966 1282; x_wconf 86' lang='grc' dir='ltr'><strong>των</strong></span> <span class='ocrx_word' id='word_1_43' title='bbox 986 1241 1136 1300; x_wconf 65' lang='lat' dir='ltr'><strong>amomon</strong></span> <span class='ocrx_word' id='word_1_44' title='bbox 1152 1218 1235 1284; x_wconf 92' lang='lat' dir='ltr'><strong>duo·</strong></span> 
     </span>
     <span class='ocr_line' id='line_1_8' title="bbox 159 1324 1236 1414; baseline 0.006 -22"><span class='ocrx_word' id='word_1_45' title='bbox 159 1327 265 1393; x_wconf 88' lang='lat' dir='ltr'><strong>decim</strong></span> <span class='ocrx_word' id='word_1_46' title='bbox 288 1353 410 1403; x_wconf 78' lang='grc' dir='ltr'><strong>ιιιωνων,</strong></span> <span class='ocrx_word' id='word_1_47' title='bbox 440 1347 515 1392; x_wconf 88' lang='lat' dir='ltr'><strong>meo</strong></span> <span class='ocrx_word' id='word_1_48' title='bbox 546 1324 688 1414; x_wconf 66' lang='grc' dir='ltr'><strong>ινὼμιιτι</strong></span> <span class='ocrx_word' id='word_1_49' title='bbox 716 1326 832 1393; x_wconf 87' lang='lat' dir='ltr'><strong>induto</strong></span> <span class='ocrx_word' id='word_1_50' title='bbox 862 1328 957 1406; x_wconf 89' lang='lat' dir='ltr'><strong>mihi,</strong></span> <span class='ocrx_word' id='word_1_51' title='bbox 987 1329 1094 1396; x_wconf 85' lang='lat' dir='ltr'><strong>factus</strong></span> <span class='ocrx_word' id='word_1_52' title='bbox 1123 1331 1236 1398; x_wconf 92' lang='lat' dir='ltr'><strong>lumen</strong></span> 
     </span>
     <span class='ocr_line' id='line_1_9' title="bbox 161 1439 1234 1528; baseline 0.007 -25"><span class='ocrx_word' id='word_1_53' title='bbox 161 1461 262 1526; x_wconf 85' lang='lat' dir='ltr'><strong>quam</strong></span> <span class='ocrx_word' id='word_1_54' title='bbox 289 1443 444 1517; x_wconf 87' lang='lat' dir='ltr'><strong>maxime,</strong></span> <span class='ocrx_word' id='word_1_55' title='bbox 475 1439 584 1505; x_wconf 87' lang='lat' dir='ltr'><strong>nullus</strong></span> <span class='ocrx_word' id='word_1_56' title='bbox 619 1439 737 1506; x_wconf 87' lang='lat' dir='ltr'><strong>modus</strong></span> <span class='ocrx_word' id='word_1_57' title='bbox 766 1441 895 1519; x_wconf 88' lang='lat' dir='ltr'><strong>lumini,</strong></span> <span class='ocrx_word' id='word_1_58' title='bbox 927 1442 1018 1528; x_wconf 87' lang='lat' dir='ltr'><strong>quod</strong></span> <span class='ocrx_word' id='word_1_59' title='bbox 1046 1458 1117 1509; x_wconf 83' lang='lat' dir='ltr'><strong>erat</strong></span> <span class='ocrx_word' id='word_1_60' title='bbox 1146 1446 1234 1511; x_wconf 88' lang='lat' dir='ltr'><strong>mihi.</strong></span> 
     </span>
     <span class='ocr_line' id='line_1_10' title="bbox 160 1553 1236 1645; baseline 0.006 -27"><span class='ocrx_word' id='word_1_61' title='bbox 160 1553 299 1618; x_wconf 85' lang='lat' dir='ltr'><strong>Factum</strong></span> <span class='ocrx_word' id='word_1_62' title='bbox 319 1557 417 1641; x_wconf 84' lang='lat' dir='ltr'><strong>igitur</strong></span> <span class='ocrx_word' id='word_1_63' title='bbox 441 1567 504 1631; x_wconf 85' lang='lat' dir='ltr'><strong>est,</strong></span> <span class='ocrx_word' id='word_1_64' title='bbox 528 1577 631 1641; x_wconf 85' lang='lat' dir='ltr'><strong>quum</strong></span> <span class='ocrx_word' id='word_1_65' title='bbox 645 1553 795 1620; x_wconf 88' lang='lat' dir='ltr'><strong>viderent</strong></span> <span class='ocrx_word' id='word_1_66' title='bbox 817 1578 974 1643; x_wconf 80' lang='lat' dir='ltr'><strong>magnum</strong></span> <span class='ocrx_word' id='word_1_67' title='bbox 995 1557 1120 1636; x_wconf 86' lang='lat' dir='ltr'><strong>lumen,</strong></span> <span class='ocrx_word' id='word_1_68' title='bbox 1144 1559 1236 1645; x_wconf 92' lang='lat' dir='ltr'><strong>quod</strong></span> 
     </span>
     <span class='ocr_line' id='line_1_11' title="bbox 105 1667 1234 1756; baseline 0.004 -22"><span class='ocrx_word' id='word_1_69' title='bbox 105 1692 133 1734; x_wconf 85' lang='lat' dir='ltr'><strong>ro</strong></span> <span class='ocrx_word' id='word_1_70' title='bbox 161 1681 211 1732; x_wconf 82' lang='lat' dir='ltr'><strong>est</strong></span> <span class='ocrx_word' id='word_1_71' title='bbox 231 1669 324 1746; x_wconf 88' lang='lat' dir='ltr'><strong>mihi,</strong></span> <span class='ocrx_word' id='word_1_72' title='bbox 353 1668 565 1755; x_wconf 61' lang='lat' dir='ltr'><strong>superscribi,</strong></span> <span class='ocrx_word' id='word_1_73' title='bbox 594 1691 732 1755; x_wconf 82' lang='lat' dir='ltr'><strong>magnus</strong></span> <span class='ocrx_word' id='word_1_74' title='bbox 755 1667 918 1746; x_wconf 87' lang='lat' dir='ltr'><strong>Adamus‚</strong></span> <span class='ocrx_word' id='word_1_75' title='bbox 949 1696 1096 1756; x_wconf 68' lang='grc' dir='ltr'>τυραννις,</span> <span class='ocrx_word' id='word_1_76' title='bbox 1128 1685 1161 1736; x_wconf 85' lang='lat' dir='ltr'><strong>et</strong></span> <span class='ocrx_word' id='word_1_77' title='bbox 1181 1699 1234 1738; x_wconf 78' lang='lat' dir='ltr'><strong>w·</strong></span> 
     </span>
     <span class='ocr_line' id='line_1_12' title="bbox 156 1779 1235 1871; baseline 0.001 -22"><span class='ocrx_word' id='word_1_78' title='bbox 156 1809 251 1870; x_wconf 73' lang='grc' dir='ltr'><strong>ριιννοι</strong></span> <span class='ocrx_word' id='word_1_79' title='bbox 274 1804 388 1848; x_wconf 87' lang='lat' dir='ltr'><strong>omnes</strong></span> <span class='ocrx_word' id='word_1_80' title='bbox 412 1781 585 1848; x_wconf 84' lang='lat' dir='ltr'><strong>duodecim</strong></span> <span class='ocrx_word' id='word_1_81' title='bbox 602 1809 719 1858; x_wconf 76' lang='grc' dir='ltr'><strong>ιιιωνων,</strong></span> <span class='ocrx_word' id='word_1_82' title='bbox 737 1779 859 1871; x_wconf 56' lang='lat' dir='ltr'><strong>opiam</strong></span> <span class='ocrx_word' id='word_1_83' title='bbox 876 1805 989 1848; x_wconf 86' lang='lat' dir='ltr'><strong>omnes</strong></span> <span class='ocrx_word' id='word_1_84' title='bbox 1003 1796 1143 1868; x_wconf 77' lang='grc' dir='ltr'><strong>πολεμιιν</strong></span> <span class='ocrx_word' id='word_1_85' title='bbox 1159 1807 1235 1850; x_wconf 86' lang='lat' dir='ltr'><strong>cmn</strong></span> 
     </span>
     <span class='ocr_line' id='line_1_13' title="bbox 157 1893 1234 1985; baseline 0.004 -25"><span class='ocrx_word' id='word_1_86' title='bbox 157 1896 281 1962; x_wconf 89' lang='lat' dir='ltr'><strong>lumine</strong></span> <span class='ocrx_word' id='word_1_87' title='bbox 309 1899 373 1962; x_wconf 89' lang='lat' dir='ltr'><strong>mei</strong></span> <span class='ocrx_word' id='word_1_88' title='bbox 401 1893 578 1983; x_wconf 63' lang='grc' dir='ltr'>ινὼμωτις,</span> <span class='ocrx_word' id='word_1_89' title='bbox 613 1895 761 1962; x_wconf 83' lang='lat' dir='ltr'><strong>volentes</strong></span> <span class='ocrx_word' id='word_1_90' title='bbox 791 1923 932 1980; x_wconf 66' lang='grc' dir='ltr'><strong>κωτιχιιν</strong></span> <span class='ocrx_word' id='word_1_91' title='bbox 961 1896 1043 1962; x_wconf 90' lang='lat' dir='ltr'><strong>illud</strong></span> <span class='ocrx_word' id='word_1_92' title='bbox 1072 1897 1161 1985; x_wconf 87' lang='lat' dir='ltr'><strong>apud</strong></span> <span class='ocrx_word' id='word_1_93' title='bbox 1183 1921 1234 1977; x_wconf 87' lang='lat' dir='ltr'><strong>se,</strong></span> 
     </span>
     <span class='ocr_line' id='line_1_14' title="bbox 159 2010 1232 2098; baseline 0.004 -24"><span class='ocrx_word' id='word_1_94' title='bbox 159 2023 200 2074; x_wconf 85' lang='lat' dir='ltr'><strong>ut</strong></span> <span class='ocrx_word' id='word_1_95' title='bbox 220 2024 428 2075; x_wconf 86' lang='lat' dir='ltr'><strong>morarentur</strong></span> <span class='ocrx_word' id='word_1_96' title='bbox 449 2031 563 2076; x_wconf 85' lang='lat' dir='ltr'><strong>rursus</strong></span> <span class='ocrx_word' id='word_1_97' title='bbox 586 2013 621 2074; x_wconf 93' lang='lat' dir='ltr'><strong>in</strong></span> <span class='ocrx_word' id='word_1_98' title='bbox 649 2032 709 2074; x_wconf 90' lang='lat' dir='ltr'><strong>suo</strong></span> <span class='ocrx_word' id='word_1_99' title='bbox 737 2031 848 2098; x_wconf 83' lang='lat' dir='ltr'><strong>regno.</strong></span> <span class='ocrx_word' id='word_1_100' title='bbox 892 2010 982 2075; x_wconf 87' lang='lat' dir='ltr'><strong>Haec</strong></span> <span class='ocrx_word' id='word_1_101' title='bbox 1008 2013 1107 2097; x_wconf 84' lang='lat' dir='ltr'><strong>igitur</strong></span> <span class='ocrx_word' id='word_1_102' title='bbox 1135 2011 1232 2078; x_wconf 87' lang='lat' dir='ltr'><strong>facie-</strong></span> 
     </span>
     <span class='ocr_line' id='line_1_15' title="bbox 160 2101 1234 2212; baseline 0.004 -26"><span class='ocrx_word' id='word_1_103' title='bbox 160 2121 243 2187; x_wconf 90' lang='lat' dir='ltr'><strong>bant</strong></span> <span class='ocrx_word' id='word_1_104' title='bbox 264 2126 457 2201; x_wconf 85' lang='lat' dir='ltr'><strong>nescientes,</strong></span> <span class='ocrx_word' id='word_1_105' title='bbox 481 2145 626 2212; x_wconf 81' lang='lat' dir='ltr'><strong>qrrocum</strong></span> <span class='ocrx_word' id='word_1_106' title='bbox 648 2137 838 2208; x_wconf 74' lang='grc' dir='ltr'><strong>πολεμουσιν.</strong></span> <span class='ocrx_word' id='word_1_107' title='bbox 877 2101 991 2207; x_wconf 89' lang='lat' dir='ltr'><strong>Quum</strong></span> <span class='ocrx_word' id='word_1_108' title='bbox 1012 2127 1111 2211; x_wconf 81' lang='lat' dir='ltr'><strong>igitur</strong></span> <span class='ocrx_word' id='word_1_109' title='bbox 1126 2139 1234 2191; x_wconf 87' lang='lat' dir='ltr'><strong>essent</strong></span> 
     </span>
     <span class='ocr_line' id='line_1_16' title="bbox 106 2237 1233 2326; baseline 0.005 -24"><span class='ocrx_word' id='word_1_110' title='bbox 106 2260 133 2302; x_wconf 84' lang='lat' dir='ltr'><strong>rs</strong></span> <span class='ocrx_word' id='word_1_111' title='bbox 160 2263 356 2308; x_wconf 73' lang='grc' dir='ltr'><strong>ιιικτιυντες</strong></span> <span class='ocrx_word' id='word_1_112' title='bbox 377 2252 600 2324; x_wconf 63' lang='lat' dir='ltr'><strong>comparavere</strong></span> <span class='ocrx_word' id='word_1_113' title='bbox 629 2259 704 2302; x_wconf 88' lang='lat' dir='ltr'><strong>cum</strong></span> <span class='ocrx_word' id='word_1_114' title='bbox 732 2237 870 2314; x_wconf 89' lang='lat' dir='ltr'><strong>lumine,</strong></span> <span class='ocrx_word' id='word_1_115' title='bbox 899 2264 965 2324; x_wconf 75' lang='grc' dir='ltr'>τιτι</span> <span class='ocrx_word' id='word_1_116' title='bbox 994 2261 1053 2326; x_wconf 81' lang='lat' dir='ltr'><strong>ego</strong></span> <span class='ocrx_word' id='word_1_117' title='bbox 1082 2265 1165 2307; x_wconf 77' lang='lat' dir='ltr'><strong>uara</strong></span> <span class='ocrx_word' id='word_1_118' title='bbox 1183 2267 1233 2308; x_wconf 76' lang='grc' dir='ltr'><strong>κε-</strong></span> 
     </span>
     <span class='ocr_line' id='line_1_17' title="bbox 157 2350 1234 2440; baseline 0 -21"><span class='ocrx_word' id='word_1_119' title='bbox 157 2363 260 2419; x_wconf 68' lang='lat' dir='ltr'><strong>aaron</strong></span> <span class='ocrx_word' id='word_1_120' title='bbox 281 2354 377 2440; x_wconf 87' lang='lat' dir='ltr'><strong>primi</strong></span> <span class='ocrx_word' id='word_1_121' title='bbox 398 2379 561 2439; x_wconf 76' lang='grc' dir='ltr'>μυστηριιυ</span> <span class='ocrx_word' id='word_1_122' title='bbox 586 2364 791 2418; x_wconf 81' lang='lat' dir='ltr'><strong>commutans</strong></span> <span class='ocrx_word' id='word_1_123' title='bbox 814 2354 883 2418; x_wconf 86' lang='lat' dir='ltr'><strong>vias</strong></span> <span class='ocrx_word' id='word_1_124' title='bbox 907 2364 941 2417; x_wconf 83' lang='lat' dir='ltr'><strong>et</strong></span> <span class='ocrx_word' id='word_1_125' title='bbox 958 2350 1082 2439; x_wconf 70' lang='lat' dir='ltr'><strong>dpoptove</strong></span> <span class='ocrx_word' id='word_1_126' title='bbox 1098 2376 1234 2420; x_wconf 89' lang='lat' dir='ltr'><strong>suorum</strong></span> 
     </span>
     <span class='ocr_line' id='line_1_18' title="bbox 158 2463 1233 2555; baseline -0.003 -20"><span class='ocrx_word' id='word_1_127' title='bbox 158 2493 275 2542; x_wconf 78' lang='grc' dir='ltr'>ιιιωνωι,</span> <span class='ocrx_word' id='word_1_128' title='bbox 305 2479 338 2532; x_wconf 87' lang='lat' dir='ltr'><strong>et</strong></span> <span class='ocrx_word' id='word_1_129' title='bbox 360 2468 430 2532; x_wconf 85' lang='lat' dir='ltr'><strong>vias</strong></span> <span class='ocrx_word' id='word_1_130' title='bbox 454 2489 533 2532; x_wconf 87' lang='lat' dir='ltr'><strong>suae</strong></span> <span class='ocrx_word' id='word_1_131' title='bbox 556 2463 732 2552; x_wconf 68' lang='grc' dir='ltr'><em>ιῖμαρμενης</em></span> <span class='ocrx_word' id='word_1_132' title='bbox 762 2489 906 2552; x_wconf 84' lang='lat' dir='ltr'><strong>suaeque</strong></span> <span class='ocrx_word' id='word_1_133' title='bbox 928 2475 1078 2555; x_wconf 71' lang='lat' dir='ltr'><strong>cpaapas,</strong></span> <span class='ocrx_word' id='word_1_134' title='bbox 1106 2466 1233 2533; x_wconf 85' lang='lat' dir='ltr'><strong>reddidi</strong></span> 
     </span>
     <span class='ocr_line' id='line_1_19' title="bbox 158 2580 1233 2667; baseline 0.002 -23"><span class='ocrx_word' id='word_1_135' title='bbox 158 2601 214 2646; x_wconf 89' lang='lat' dir='ltr'><strong>eos</strong></span> <span class='ocrx_word' id='word_1_136' title='bbox 238 2603 296 2646; x_wconf 87' lang='lat' dir='ltr'><strong>sex</strong></span> <span class='ocrx_word' id='word_1_137' title='bbox 317 2603 446 2646; x_wconf 85' lang='lat' dir='ltr'><strong>menses</strong></span> <span class='ocrx_word' id='word_1_138' title='bbox 468 2583 631 2646; x_wconf 85' lang='lat' dir='ltr'><strong>intuentes</strong></span> <span class='ocrx_word' id='word_1_139' title='bbox 654 2582 689 2644; x_wconf 92' lang='lat' dir='ltr'><strong>in</strong></span> <span class='ocrx_word' id='word_1_140' title='bbox 715 2594 782 2646; x_wconf 89' lang='lat' dir='ltr'><strong>tres</strong></span> <span class='ocrx_word' id='word_1_141' title='bbox 807 2580 943 2667; x_wconf 86' lang='lat' dir='ltr'><strong>angulos</strong></span> <span class='ocrx_word' id='word_1_142' title='bbox 974 2584 1121 2646; x_wconf 83' lang='lat' dir='ltr'><strong>sinistros</strong></span> <span class='ocrx_word' id='word_1_143' title='bbox 1144 2594 1178 2645; x_wconf 90' lang='lat' dir='ltr'><strong>et</strong></span> <span class='ocrx_word' id='word_1_144' title='bbox 1198 2584 1233 2646; x_wconf 90' lang='lat' dir='ltr'><strong>in</strong></span> 
     </span>
     <span class='ocr_line' id='line_1_20' title="bbox 159 2695 1233 2782; baseline 0 -22"><span class='ocrx_word' id='word_1_145' title='bbox 159 2709 302 2781; x_wconf 87' lang='lat' dir='ltr'><strong>quatuor</strong></span> <span class='ocrx_word' id='word_1_146' title='bbox 326 2695 477 2782; x_wconf 77' lang='lat' dir='ltr'><strong>angulos,</strong></span> <span class='ocrx_word' id='word_1_147' title='bbox 506 2697 595 2759; x_wconf 84' lang='lat' dir='ltr'><strong>etin</strong></span> <span class='ocrx_word' id='word_1_148' title='bbox 618 2717 670 2772; x_wconf 89' lang='lat' dir='ltr'><strong>ea,</strong></span> <span class='ocrx_word' id='word_1_149' title='bbox 695 2717 779 2782; x_wconf 88' lang='lat' dir='ltr'><strong>quae</strong></span> <span class='ocrx_word' id='word_1_150' title='bbox 804 2696 936 2760; x_wconf 90' lang='lat' dir='ltr'><strong>suntin</strong></span> <span class='ocrx_word' id='word_1_151' title='bbox 959 2708 1135 2782; x_wconf 86' lang='lat' dir='ltr'><strong>conspeetu</strong></span> <span class='ocrx_word' id='word_1_152' title='bbox 1157 2697 1188 2782; x_wconf 89' lang='lat' dir='ltr'><strong>(i.</strong></span> <span class='ocrx_word' id='word_1_153' title='bbox 1205 2715 1233 2760; x_wconf 87' lang='lat' dir='ltr'><strong>e.</strong></span> 
     </span>
     <span class='ocr_line' id='line_1_21' title="bbox 105 2808 1235 2896; baseline 0.001 -22"><span class='ocrx_word' id='word_1_154' title='bbox 105 2832 131 2874; x_wconf 73' lang='lat' dir='ltr'><strong>m</strong></span> <span class='ocrx_word' id='word_1_155' title='bbox 158 2831 176 2874; x_wconf 85' lang='lat' dir='ltr'><strong>e</strong></span> <span class='ocrx_word' id='word_1_156' title='bbox 198 2808 344 2896; x_wconf 83' lang='lat' dir='ltr'><strong>regione)</strong></span> <span class='ocrx_word' id='word_1_157' title='bbox 371 2809 520 2885; x_wconf 87' lang='lat' dir='ltr'><strong>illorum,</strong></span> <span class='ocrx_word' id='word_1_158' title='bbox 554 2811 642 2873; x_wconf 87' lang='lat' dir='ltr'><strong>etin</strong></span> <span class='ocrx_word' id='word_1_159' title='bbox 666 2822 740 2874; x_wconf 89' lang='lat' dir='ltr'><strong>octo</strong></span> <span class='ocrx_word' id='word_1_160' title='bbox 765 2831 825 2874; x_wconf 86' lang='lat' dir='ltr'><strong>sua</strong></span> <span class='ocrx_word' id='word_1_161' title='bbox 847 2834 1002 2892; x_wconf 69' lang='grc' dir='ltr'><strong>σχηματιι</strong></span> <span class='ocrx_word' id='word_1_162' title='bbox 1021 2835 1104 2875; x_wconf 69' lang='grc' dir='ltr'><strong><em>κατα.</em></strong></span> <span class='ocrx_word' id='word_1_163' title='bbox 1125 2812 1235 2896; x_wconf 88' lang='lat' dir='ltr'><strong>ipsum</strong></span> 
     </span>
     <span class='ocr_line' id='line_1_22' title="bbox 156 2920 1232 3008; baseline 0 -22"><span class='ocrx_word' id='word_1_164' title='bbox 156 2921 311 2998; x_wconf 90' lang='lat' dir='ltr'><strong>modum,</strong></span> <span class='ocrx_word' id='word_1_165' title='bbox 345 2944 411 3008; x_wconf 88' lang='lat' dir='ltr'><strong>quo</strong></span> <span class='ocrx_word' id='word_1_166' title='bbox 440 2935 534 2986; x_wconf 86' lang='lat' dir='ltr'><strong>erant</strong></span> <span class='ocrx_word' id='word_1_167' title='bbox 561 2921 602 2986; x_wconf 87' lang='lat' dir='ltr'><strong>ab</strong></span> <span class='ocrx_word' id='word_1_168' title='bbox 625 2925 727 2987; x_wconf 86' lang='lat' dir='ltr'><strong>initio.</strong></span> <span class='ocrx_word' id='word_1_169' title='bbox 771 2922 899 2988; x_wconf 87' lang='lat' dir='ltr'><strong>Eorum</strong></span> <span class='ocrx_word' id='word_1_170' title='bbox 922 2925 1169 2987; x_wconf 86' lang='lat' dir='ltr'><strong>conversionem</strong></span> <span class='ocrx_word' id='word_1_171' title='bbox 1191 2920 1232 2996; x_wconf 78' lang='grc' dir='ltr'><strong>δι,</strong></span> 
     </span>
     <span class='ocr_line' id='line_1_23' title="bbox 160 3029 1232 3121; baseline 0 -23"><span class='ocrx_word' id='word_1_172' title='bbox 160 3047 219 3098; x_wconf 88' lang='lat' dir='ltr'><strong>aut</strong></span> <span class='ocrx_word' id='word_1_173' title='bbox 242 3055 357 3099; x_wconf 88' lang='lat' dir='ltr'><strong>eorum</strong></span> <span class='ocrx_word' id='word_1_174' title='bbox 383 3037 537 3100; x_wconf 87' lang='lat' dir='ltr'><strong>intuitum</strong></span> <span class='ocrx_word' id='word_1_175' title='bbox 565 3038 693 3100; x_wconf 85' lang='lat' dir='ltr'><strong>mutavi</strong></span> <span class='ocrx_word' id='word_1_176' title='bbox 719 3038 756 3098; x_wconf 91' lang='lat' dir='ltr'><strong>in</strong></span> <span class='ocrx_word' id='word_1_177' title='bbox 783 3033 882 3098; x_wconf 88' lang='lat' dir='ltr'><strong>aliam</strong></span> <span class='ocrx_word' id='word_1_178' title='bbox 909 3029 1007 3121; x_wconf 68' lang='grc' dir='ltr'>ταξιν,</span> <span class='ocrx_word' id='word_1_179' title='bbox 1045 3046 1078 3097; x_wconf 88' lang='lat' dir='ltr'><strong>et</strong></span> <span class='ocrx_word' id='word_1_180' title='bbox 1105 3031 1232 3098; x_wconf 90' lang='lat' dir='ltr'><strong>reddidi</strong></span> 
     </span>
     <span class='ocr_line' id='line_1_24' title="bbox 161 3148 1232 3216; baseline -0.002 -2"><span class='ocrx_word' id='word_1_181' title='bbox 161 3170 218 3214; x_wconf 81' lang='lat' dir='ltr'><strong>eos</strong></span> <span class='ocrx_word' id='word_1_182' title='bbox 242 3150 342 3214; x_wconf 84' lang='lat' dir='ltr'><strong>etiam</strong></span> <span class='ocrx_word' id='word_1_183' title='bbox 364 3171 420 3214; x_wconf 87' lang='lat' dir='ltr'><strong>sex</strong></span> <span class='ocrx_word' id='word_1_184' title='bbox 441 3171 568 3216; x_wconf 84' lang='lat' dir='ltr'><strong>menses</strong></span> <span class='ocrx_word' id='word_1_185' title='bbox 591 3153 755 3216; x_wconf 87' lang='lat' dir='ltr'><strong>intuentes</strong></span> <span class='ocrx_word' id='word_1_186' title='bbox 777 3151 812 3213; x_wconf 92' lang='lat' dir='ltr'><strong>in</strong></span> <span class='ocrx_word' id='word_1_187' title='bbox 834 3148 981 3212; x_wconf 85' lang='lat' dir='ltr'><strong>facinora</strong></span> <span class='ocrx_word' id='word_1_188' title='bbox 1003 3155 1140 3211; x_wconf 85' lang='lat' dir='ltr'><strong>suorum</strong></span> <span class='ocrx_word' id='word_1_189' title='bbox 1156 3173 1232 3214; x_wconf 69' lang='lat' dir='ltr'><strong>aaa·</strong></span> 
     </span>
     <span class='ocr_line' id='line_1_25' title="bbox 158 3261 1232 3353; baseline -0.001 -26"><span class='ocrx_word' id='word_1_190' title='bbox 158 3275 352 3347; x_wconf 69' lang='grc' dir='ltr'><strong>τιλεσματων</strong></span> <span class='ocrx_word' id='word_1_191' title='bbox 380 3266 415 3328; x_wconf 90' lang='lat' dir='ltr'><strong>in</strong></span> <span class='ocrx_word' id='word_1_192' title='bbox 445 3267 511 3330; x_wconf 85' lang='lat' dir='ltr'><strong>suis</strong></span> <span class='ocrx_word' id='word_1_193' title='bbox 540 3278 684 3352; x_wconf 80' lang='lat' dir='ltr'><strong>quatuor</strong></span> <span class='ocrx_word' id='word_1_194' title='bbox 713 3263 838 3348; x_wconf 81' lang='lat' dir='ltr'><strong>angulis</strong></span> <span class='ocrx_word' id='word_1_195' title='bbox 873 3261 994 3353; x_wconf 80' lang='lat' dir='ltr'><strong>dextris</strong></span> <span class='ocrx_word' id='word_1_196' title='bbox 1031 3273 1065 3325; x_wconf 86' lang='lat' dir='ltr'><strong>et</strong></span> <span class='ocrx_word' id='word_1_197' title='bbox 1097 3263 1131 3323; x_wconf 90' lang='lat' dir='ltr'><strong>in</strong></span> <span class='ocrx_word' id='word_1_198' title='bbox 1165 3262 1232 3326; x_wconf 84' lang='lat' dir='ltr'><strong>suis</strong></span> 
     </span>
     <span class='ocr_line' id='line_1_26' title="bbox 106 3374 1232 3465; baseline -0.004 -21"><span class='ocrx_word' id='word_1_199' title='bbox 106 3402 133 3444; x_wconf 82' lang='grc' dir='ltr'><strong>ιι</strong></span> <span class='ocrx_word' id='word_1_200' title='bbox 158 3376 266 3441; x_wconf 84' lang='lat' dir='ltr'><strong>tribus</strong></span> <span class='ocrx_word' id='word_1_201' title='bbox 290 3377 429 3465; x_wconf 87' lang='lat' dir='ltr'><strong>angulis,</strong></span> <span class='ocrx_word' id='word_1_202' title='bbox 452 3400 512 3443; x_wconf 88' lang='lat' dir='ltr'><strong>nec</strong></span> <span class='ocrx_word' id='word_1_203' title='bbox 534 3400 603 3443; x_wconf 88' lang='lat' dir='ltr'><strong>non</strong></span> <span class='ocrx_word' id='word_1_204' title='bbox 625 3380 681 3455; x_wconf 85' lang='lat' dir='ltr'><strong>iis,</strong></span> <span class='ocrx_word' id='word_1_205' title='bbox 704 3398 788 3463; x_wconf 79' lang='lat' dir='ltr'><strong>qrrac</strong></span> <span class='ocrx_word' id='word_1_206' title='bbox 812 3389 888 3441; x_wconf 86' lang='lat' dir='ltr'><strong>sunt</strong></span> <span class='ocrx_word' id='word_1_207' title='bbox 910 3378 1076 3463; x_wconf 81' lang='lat' dir='ltr'><strong>eregione</strong></span> <span class='ocrx_word' id='word_1_208' title='bbox 1090 3374 1232 3454; x_wconf 82' lang='lat' dir='ltr'><strong>illorum,</strong></span> 
     </span>
     <span class='ocr_line' id='line_1_27' title="bbox 160 3490 1234 3580; baseline -0.002 -23"><span class='ocrx_word' id='word_1_209' title='bbox 160 3503 193 3557; x_wconf 89' lang='lat' dir='ltr'><strong>et</strong></span> <span class='ocrx_word' id='word_1_210' title='bbox 213 3493 248 3555; x_wconf 90' lang='lat' dir='ltr'><strong>in</strong></span> <span class='ocrx_word' id='word_1_211' title='bbox 271 3495 337 3558; x_wconf 88' lang='lat' dir='ltr'><strong>suis</strong></span> <span class='ocrx_word' id='word_1_212' title='bbox 366 3507 441 3558; x_wconf 89' lang='lat' dir='ltr'><strong>octo</strong></span> <span class='ocrx_word' id='word_1_213' title='bbox 470 3518 647 3577; x_wconf 75' lang='grc' dir='ltr'><strong>σχημιισιν,</strong></span> <span class='ocrx_word' id='word_1_214' title='bbox 683 3504 717 3556; x_wconf 90' lang='lat' dir='ltr'><strong>et</strong></span> <span class='ocrx_word' id='word_1_215' title='bbox 743 3490 933 3580; x_wconf 85' lang='lat' dir='ltr'><strong>perturbavi</strong></span> <span class='ocrx_word' id='word_1_216' title='bbox 964 3512 1020 3556; x_wconf 85' lang='lat' dir='ltr'><strong>eos</strong></span> <span class='ocrx_word' id='word_1_217' title='bbox 1048 3492 1084 3556; x_wconf 90' lang='lat' dir='ltr'><strong>in</strong></span> <span class='ocrx_word' id='word_1_218' title='bbox 1113 3512 1234 3578; x_wconf 83' lang='lat' dir='ltr'><strong>magna</strong></span> 
     </span>
     <span class='ocr_line' id='line_1_28' title="bbox 155 3601 1333 3698; baseline 0.003 -26"><span class='ocrx_word' id='word_1_219' title='bbox 155 3605 421 3693; x_wconf 88' lang='lat' dir='ltr'><strong>perturbatione,</strong></span> <span class='ocrx_word' id='word_1_220' title='bbox 451 3620 486 3671; x_wconf 89' lang='lat' dir='ltr'><strong>ct</strong></span> <span class='ocrx_word' id='word_1_221' title='bbox 508 3606 572 3672; x_wconf 86' lang='lat' dir='ltr'><strong>feci</strong></span> <span class='ocrx_word' id='word_1_222' title='bbox 594 3629 651 3672; x_wconf 84' lang='lat' dir='ltr'><strong>eos</strong></span> <span class='ocrx_word' id='word_1_223' title='bbox 665 3615 794 3695; x_wconf 60' lang='lat' dir='ltr'><strong>&#39;emeat</strong></span> <span class='ocrx_word' id='word_1_224' title='bbox 815 3607 851 3670; x_wconf 88' lang='lat' dir='ltr'><strong>in</strong></span> <span class='ocrx_word' id='word_1_225' title='bbox 872 3617 972 3698; x_wconf 66' lang='grc' dir='ltr'><strong>πλωνῃ</strong></span> <span class='ocrx_word' id='word_1_226' title='bbox 992 3630 1143 3691; x_wconf 74' lang='grc' dir='ltr'>αρχονιιις</span> <span class='ocrx_word' id='word_1_227' title='bbox 1161 3631 1232 3674; x_wconf 79' lang='grc' dir='ltr'>ιιιω-</span> <span class='ocrx_word' id='word_1_228' title='bbox 1283 3601 1333 3675; x_wconf 86' lang='grc'><strong>39</strong></span> 
     </span>
     <span class='ocr_line' id='line_1_29' title="bbox 156 3720 1232 3809; baseline -0.002 -23"><span class='ocrx_word' id='word_1_229' title='bbox 156 3745 207 3786; x_wconf 78' lang='grc' dir='ltr'><strong>νων</strong></span> <span class='ocrx_word' id='word_1_230' title='bbox 232 3733 331 3806; x_wconf 85' lang='lat' dir='ltr'><strong>atque</strong></span> <span class='ocrx_word' id='word_1_231' title='bbox 354 3745 507 3806; x_wconf 69' lang='lat' dir='ltr'><strong>apxcerac</strong></span> <span class='ocrx_word' id='word_1_232' title='bbox 530 3742 643 3787; x_wconf 89' lang='lat' dir='ltr'><strong>omnes</strong></span> <span class='ocrx_word' id='word_1_233' title='bbox 666 3720 842 3809; x_wconf 69' lang='grc' dir='ltr'><strong>εἷμαρμινης</strong></span> <span class='ocrx_word' id='word_1_234' title='bbox 865 3732 899 3786; x_wconf 90' lang='lat' dir='ltr'><strong>et</strong></span> <span class='ocrx_word' id='word_1_235' title='bbox 920 3730 1069 3808; x_wconf 73' lang='grc' dir='ltr'>σφαιριις,</span> <span class='ocrx_word' id='word_1_236' title='bbox 1105 3735 1137 3786; x_wconf 87' lang='lat' dir='ltr'><strong>et</strong></span> <span class='ocrx_word' id='word_1_237' title='bbox 1158 3741 1232 3808; x_wconf 89' lang='lat' dir='ltr'><strong>per·</strong></span> 
     </span>
     <span class='ocr_line' id='line_1_30' title="bbox 158 3830 1232 3926; baseline 0 -30"><span class='ocrx_word' id='word_1_238' title='bbox 158 3831 291 3896; x_wconf 84' lang='lat' dir='ltr'><strong>turbavi</strong></span> <span class='ocrx_word' id='word_1_239' title='bbox 319 3855 376 3900; x_wconf 81' lang='lat' dir='ltr'><strong>eoa</strong></span> <span class='ocrx_word' id='word_1_240' title='bbox 399 3837 556 3913; x_wconf 82' lang='lat' dir='ltr'><strong>maxime,</strong></span> <span class='ocrx_word' id='word_1_241' title='bbox 587 3849 620 3902; x_wconf 86' lang='lat' dir='ltr'><strong>et</strong></span> <span class='ocrx_word' id='word_1_242' title='bbox 646 3835 736 3902; x_wconf 86' lang='lat' dir='ltr'><strong>haud</strong></span> <span class='ocrx_word' id='word_1_243' title='bbox 757 3847 938 3926; x_wconf 90' lang='lat' dir='ltr'><strong>potuerunt</strong></span> <span class='ocrx_word' id='word_1_244' title='bbox 965 3837 1064 3921; x_wconf 82' lang='lat' dir='ltr'><strong>igitur</strong></span> <span class='ocrx_word' id='word_1_245' title='bbox 1091 3830 1167 3897; x_wconf 87' lang='lat' dir='ltr'><strong>inde</strong></span> <span class='ocrx_word' id='word_1_246' title='bbox 1190 3830 1232 3896; x_wconf 83' lang='lat' dir='ltr'><strong>ab</strong></span> 
     </span>
     <span class='ocr_line' id='line_1_31' title="bbox 106 3944 1231 4038; baseline 0.002 -32"><span class='ocrx_word' id='word_1_247' title='bbox 106 3970 133 4012; x_wconf 75' lang='lat' dir='ltr'><strong>sc</strong></span> <span class='ocrx_word' id='word_1_248' title='bbox 160 3944 221 4008; x_wconf 88' lang='lat' dir='ltr'><strong>hac</strong></span> <span class='ocrx_word' id='word_1_249' title='bbox 244 3944 327 4009; x_wconf 88' lang='lat' dir='ltr'><strong>hora</strong></span> <span class='ocrx_word' id='word_1_250' title='bbox 356 3952 500 4013; x_wconf 85' lang='lat' dir='ltr'><strong>converti</strong></span> <span class='ocrx_word' id='word_1_251' title='bbox 530 3948 572 4014; x_wconf 90' lang='lat' dir='ltr'><strong>ad</strong></span> <span class='ocrx_word' id='word_1_252' title='bbox 598 3949 723 4016; x_wconf 84' lang='lat' dir='ltr'><strong>faecem</strong></span> <span class='ocrx_word' id='word_1_253' title='bbox 753 3953 825 4038; x_wconf 88' lang='lat' dir='ltr'><strong>(aut</strong></span> <span class='ocrx_word' id='word_1_254' title='bbox 847 3945 1003 4029; x_wconf 89' lang='lat' dir='ltr'><strong>errorem)</strong></span> <span class='ocrx_word' id='word_1_255' title='bbox 1035 3965 1112 4008; x_wconf 89' lang='lat' dir='ltr'><strong>suae</strong></span> <span class='ocrx_word' id='word_1_256' title='bbox 1141 3945 1231 4022; x_wconf 72' lang='grc' dir='ltr'><strong>ὕλης,</strong></span> 
     </span>
     <span class='ocr_line' id='line_1_32' title="bbox 159 4055 1231 4145; baseline 0 -21"><span class='ocrx_word' id='word_1_257' title='bbox 159 4070 199 4124; x_wconf 87' lang='lat' dir='ltr'><strong>ut</strong></span> <span class='ocrx_word' id='word_1_258' title='bbox 222 4055 420 4124; x_wconf 88' lang='lat' dir='ltr'><strong>devorarent</strong></span> <span class='ocrx_word' id='word_1_259' title='bbox 442 4083 530 4141; x_wconf 89' lang='lat' dir='ltr'><strong>cam,</strong></span> <span class='ocrx_word' id='word_1_260' title='bbox 559 4066 714 4130; x_wconf 89' lang='lat' dir='ltr'><strong>nimirum</strong></span> <span class='ocrx_word' id='word_1_261' title='bbox 740 4076 780 4127; x_wconf 84' lang='lat' dir='ltr'><strong>ut</strong></span> <span class='ocrx_word' id='word_1_262' title='bbox 802 4063 852 4126; x_wconf 91' lang='lat' dir='ltr'><strong>sui</strong></span> <span class='ocrx_word' id='word_1_263' title='bbox 874 4084 956 4128; x_wconf 73' lang='grc' dir='ltr'>τιπιι</span> <span class='ocrx_word' id='word_1_264' title='bbox 979 4057 1099 4123; x_wconf 86' lang='lat' dir='ltr'><strong>diutius</strong></span> <span class='ocrx_word' id='word_1_265' title='bbox 1121 4077 1231 4145; x_wconf 86' lang='lat' dir='ltr'><strong>perse·</strong></span> 
     </span>
     <span class='ocr_line' id='line_1_33' title="bbox 242 4183 1232 4297; baseline 0.001 -28"><span class='ocrx_word' id='word_1_266' title='bbox 242 4209 273 4269; x_wconf 84' lang='lat' dir='ltr'><strong>a.</strong></span> <span class='ocrx_word' id='word_1_267' title='bbox 306 4228 342 4270; x_wconf 62' lang='grc' dir='ltr'><strong>ιι</strong></span> <span class='ocrx_word' id='word_1_268' title='bbox 369 4209 440 4292; x_wconf 67' lang='lat' dir='ltr'><strong>ipsa</strong></span> <span class='ocrx_word' id='word_1_269' title='bbox 467 4213 513 4292; x_wconf 68' lang='lat' dir='ltr'><strong>&lt;ra</strong></span> <span class='ocrx_word' id='word_1_270' title='bbox 542 4214 614 4297; x_wconf 68' lang='lat' dir='ltr'><strong>span</strong></span> <span class='ocrx_word' id='word_1_271' title='bbox 640 4214 690 4292; x_wconf 79' lang='lat' dir='ltr'><strong>a.)</strong></span> <span class='ocrx_word' id='word_1_272' title='bbox 751 4209 782 4270; x_wconf 80' lang='grc' dir='ltr'><strong>ι.</strong></span> <span class='ocrx_word' id='word_1_273' title='bbox 815 4205 948 4279; x_wconf 59' lang='lat' dir='ltr'><strong>aarum.</strong></span> <span class='ocrx_word' id='word_1_274' title='bbox 973 4183 1051 4287; x_wconf 77' lang='lat' dir='ltr'><strong>(ira.</strong></span> <span class='ocrx_word' id='word_1_275' title='bbox 1080 4205 1155 4270; x_wconf 72' lang='lat' dir='ltr'><strong>nco</strong></span> <span class='ocrx_word' id='word_1_276' title='bbox 1180 4205 1232 4288; x_wconf 84' lang='lat' dir='ltr'><strong>r.)</strong></span> 
     </span>
     <span class='ocr_line' id='line_1_34' title="bbox 157 4307 1233 4394; baseline 0.003 -26"><span class='ocrx_word' id='word_1_277' title='bbox 157 4307 209 4368; x_wconf 77' lang='lat'><strong>23.</strong></span> <span class='ocrx_word' id='word_1_278' title='bbox 233 4307 321 4370; x_wconf 83' lang='lat' dir='ltr'><strong>etiam</strong></span> <span class='ocrx_word' id='word_1_279' title='bbox 343 4329 394 4372; x_wconf 81' lang='lat' dir='ltr'><strong>sex</strong></span> <span class='ocrx_word' id='word_1_280' title='bbox 420 4311 509 4393; x_wconf 82' lang='lat' dir='ltr'><strong>(aiios</strong></span> <span class='ocrx_word' id='word_1_281' title='bbox 530 4333 582 4377; x_wconf 84' lang='lat' dir='ltr'><strong>sex</strong></span> <span class='ocrx_word' id='word_1_282' title='bbox 601 4315 651 4394; x_wconf 87' lang='lat' dir='ltr'><strong>P.)</strong></span> <span class='ocrx_word' id='word_1_283' title='bbox 714 4308 765 4372; x_wconf 82' lang='lat'><strong>24.</strong></span> <span class='ocrx_word' id='word_1_284' title='bbox 794 4311 825 4372; x_wconf 93' lang='lat' dir='ltr'><strong>in</strong></span> <span class='ocrx_word' id='word_1_285' title='bbox 846 4308 907 4372; x_wconf 86' lang='lat' dir='ltr'><strong>suis</strong></span> <span class='ocrx_word' id='word_1_286' title='bbox 933 4307 979 4390; x_wconf 90' lang='lat' dir='ltr'><strong>(in</strong></span> <span class='ocrx_word' id='word_1_287' title='bbox 1001 4319 1085 4372; x_wconf 82' lang='lat' dir='ltr'><strong>textu</strong></span> <span class='ocrx_word' id='word_1_288' title='bbox 1106 4331 1168 4374; x_wconf 89' lang='lat' dir='ltr'><strong>non</strong></span> <span class='ocrx_word' id='word_1_289' title='bbox 1190 4308 1233 4372; x_wconf 88' lang='lat' dir='ltr'><strong>ie-</strong></span> 
     </span>
     <span class='ocr_line' id='line_1_35' title="bbox 158 4409 446 4492; baseline 0.01 -22"><span class='ocrx_word' id='word_1_290' title='bbox 158 4409 242 4492; x_wconf 74' lang='lat' dir='ltr'><strong>gitur</strong></span> <span class='ocrx_word' id='word_1_291' title='bbox 261 4410 377 4488; x_wconf 83' lang='lat' dir='ltr'><strong>„suis”</strong></span> <span class='ocrx_word' id='word_1_292' title='bbox 399 4412 446 4489; x_wconf 84' lang='lat' dir='ltr'><strong>P.)</strong></span> 
     </span>
    </p>
   </div>
   <div class='ocr_carea' id='block_1_3' title="bbox 0 0 1652 5354">
    <p class='ocr_par' dir='ltr' id='par_1_3' title="bbox 0 0 1652 5354">
     <span class='ocr_line' id='line_1_36' title="bbox 0 0 1652 5354; baseline 0 0"><span class='ocrx_word' id='word_1_293' title='bbox 0 0 1652 5354; x_wconf 95' lang='lat' dir='ltr'><strong> </strong></span> 
     </span>
    </p>
   </div>
  </div>
 </body>
</html>
