3240 5328
944 403 1011 468 21⁶

441 611 538 676 μιμιν
565 608 744 672 minuerer.
794 580 885 648 Haec
915 584 1093 658 eiuratio,
1133 601 1232 668 quarn
1258 583 1407 669 imperant
1428 587 1478 647 auis

442 713 636 789 λιιτιυργιις,
665 712 705 764 ut
725 710 851 787 ponant
874 719 913 762 ea
937 699 972 760 in
1001 721 1334 780 supermanantem.
1381 697 1420 762 Et
1443 717 1479 761 se-

444 813 589 880 eundum
617 813 704 878 hunc
726 811 864 877 modum
886 824 1048 897 λειτουργοι
1069 835 1220 893 αρχοντων
1242 807 1360 873 ducunt
1380 812 1436 873 vim
1455 823 1479 872 et

443 925 554 1018 ψυχην
577 940 611 994 et
634 953 791 1010 αντιμιμον
811 950 988 1012 aurumne,
1012 921 1137 988 dumnt
1157 925 1221 987 tria
1237 921 1369 1010 desuper
1386 925 1415 985 in
1429 947 1479 986 κισ·

444 1067 512 1127 μιν,
536 1053 569 1106 et
591 1038 736 1104 fundunt
757 1041 791 1102 in
813 1065 927 1125 κισμον
947 1063 1098 1124 αρχοντων
1121 1034 1229 1101 medii.
1274 1045 1479 1123 Αρχιντεςᾳιιι·
1504 1059 1511 1095 ι
1559 1097 1560 1104 ¹

445 1176 509 1241 que
539 1152 638 1220 medii
672 1153 873 1240 perlustrant
908 1177 1065 1234 αντιμιμον
1088 1175 1258 1236 πνευματος
1293 1163 1384 1234 atque
1409 1151 1482 1212 etiam

443 1291 560 1353 μιιριιν.
596 1266 668 1330 Hoc
683 1268 801 1352 ipsum,
824 1267 916 1328 euius
931 1286 1053 1330 nomen
1075 1277 1124 1329 est
1136 1290 1240 1348 μιιρα,
1263 1289 1328 1348 eyes
1341 1262 1483 1336 hominen,

443 1399 550 1464 usque
574 1377 654 1442 dum
677 1393 769 1443 curet
790 1377 1049 1444 interficiendum
1074 1399 1149 1442 eum
1172 1389 1279 1442 morte
1302 1375 1484 1440 destinari.

443 1489 538 1556 Hane
566 1491 709 1579 ligarunt
735 1495 768 1556 in
796 1489 907 1579 ψυχην
931 1517 1073 1579 αρχοντες
1099 1512 1239 1577 magnae
1269 1488 1441 1576 εἱμαρμηηι,
1463 1499 1486 1550 et

445 1617 609 1692 λιιτιυργοι
627 1614 771 1692 edernae,
794 1605 893 1694 ligata
906 1603 1002 1696 ψυχῃ
1026 1616 1059 1670 et
1073 1607 1107 1668 vi
1129 1617 1163 1669 et
1186 1629 1336 1690 αντιμιμῳ
1351 1621 1516 1686 rumpent!

447 1733 481 1784 et
502 1744 610 1806 μιιρφ,
640 1717 821 1784 diviserunt
842 1719 923 1784 haee
947 1721 1071 1794 omnia,
1097 1731 1137 1781 ut
1159 1717 1305 1782 facerent
1325 1738 1363 1780 ex
1381 1717 1414 1779 iis
1432 1739 1487 1798 μιρι

447 1830 525 1908 duo,
548 1845 587 1896 ut
602 1841 797 1918 quaererent
810 1836 920 1898 virum
942 1846 1041 1918 atque
1057 1834 1157 1896 etiam
1172 1830 1342 1894 mulierem
1354 1831 1386 1891 in
1398 1852 1487 1911 torpa,

332 1931 407 2007 346
448 1945 565 2032 quibus
590 1944 752 2011 dederunt
775 1950 917 2033 signum,
940 1958 979 2009 ut
1000 1948 1169 2010 mitterent
1189 1944 1273 2008 haee
1293 1946 1344 2018 iis,
1364 1954 1396 2007 et
1413 1938 1488 2004 dede·
1559 1929 1560 2016 i

446 2073 527 2124 runt
546 2085 634 2145 μερις
655 2063 728 2126 viro
752 2073 786 2124 et
806 2085 894 2147 μερις
915 2059 1044 2123 mulieri
1071 2061 1105 2122 in
1128 2067 1226 2149 τριφῃ
1246 2083 1372 2144 neuneu,
1398 2056 1488 2118 autin

446 2171 568 2236 nebula
591 2197 689 2257 ιιιρος,
720 2176 960 2258 trutinaque,
992 2174 1105 2236 autin
1128 2168 1212 2246 ndu,
1246 2169 1333 2257 quod
1357 2167 1487 2232 biberunt
1504 2187 1517 2226 ι

446 2283 535 2349 Haec
567 2287 678 2348 omnia
713 2283 818 2348 dicam
853 2285 947 2349 vobis
986 2299 1018 2350 et
1054 2287 1196 2372 speeiem
1233 2286 1371 2348 cuiusvis
1397 2279 1488 2368 ψυχιι,

446 2411 546 2484 atque
573 2425 678 2474 τυπον,
709 2420 775 2484 quo
802 2400 939 2462 veniunt
966 2400 1000 2462 in
1029 2423 1162 2484 σωματιι
1189 2423 1248 2464 rm
1275 2397 1427 2470 homines,
1451 2415 1489 2457 aar

447 2533 534 2588 avet,
558 2538 613 2579 ιιτε
634 2533 764 2599 pecora,
787 2538 842 2577 ειτι
858 2511 949 2596 dapne,
972 2539 1027 2578 ειιε
1049 2512 1191 2599 reptilia,
1216 2537 1275 2576 ειτε
1290 2509 1358 2578 ridet
1372 2505 1490 2594 quodvis»

447 2623 538 2709 quod
560 2627 594 2687 in
616 2651 732 2709 κισμῳ.
763 2625 878 2686 Dicam
893 2623 987 2688 vobis
1004 2647 1119 2690 eorum
1133 2651 1232 2690 τυπον.
1273 2625 1418 2706 Quonam
1430 2644 1492 2702 τιιῳ

445 2738 568 2798 intrent
597 2735 762 2814 homines,
799 2735 905 2801 diram
933 2738 1028 2804 vobis
1057 2742 1092 2802 in
1125 2739 1342 2825 explicatione
1369 2731 1519 2799 universia
1559 2791 1560 2800 ,

445 2846 539 2912 Nunc
561 2851 660 2936 igitur
684 2871 787 2936 quum
813 2863 976 2937 λειτουργοι
1001 2877 1152 2936 αρχοντων
1181 2854 1351 2918 iniecerint
1376 2873 1450 2934 μερις
1469 2847 1492 2908 ῑῦ
1559 2899 1560 2902 =

445 2961 617 3028 mulierem
640 2977 739 3049 atque
762 2964 851 3029 aliud
872 2989 960 3051 μερις
986 2967 1020 3028 in
1048 2968 1158 3030 virum
1187 2965 1308 3042 modo,
1338 2984 1427 3050 quem
1445 2956 1492 3022 dixi
1559 3039 1560 3056 χ

447 3073 557 3151 vobis,
587 3076 644 3142 nair
667 3080 693 3140 si
716 3080 835 3142 remoti
859 3080 923 3141 sint
945 3100 965 3140 a
993 3099 1027 3142 ee
1055 3081 1195 3144 invicem
1218 3077 1373 3148 distantia
1392 3092 1491 3158 magua.
1559 3061 1560 3136 ι

446 3197 609 3275 λιιτουργιι
630 3191 845 3276 αναγκιζουσιν
875 3212 931 3255 eos
958 3191 1159 3267 inocculto,
1189 3204 1229 3255 ut
1258 3201 1435 3279 συμφωνωσι
1457 3204 1492 3248 tt·
1559 3195 1560 3254 J

446 3319 523 3365 tum
544 3304 683 3368 invicem
704 3306 739 3366 in
754 3313 919 3391 συμφωνιᾳ,
938 3331 1064 3389 κισμου.
1103 3305 1149 3370 Et
1171 3331 1330 3390 ιντιμιμον
1347 3316 1521 3386 rumpatur!

447 3413 537 3497 quod
558 3417 593 3480 in
615 3420 703 3493 viru,
732 3420 823 3482 venit
845 3417 888 3481 ad
909 3442 997 3504 μερος
1020 3417 1204 3504 depositum
1218 3418 1256 3505 si)
1280 3422 1315 3483 in
1337 3442 1447 3503 κοσμῳ,
1469 3414 1492 3473 51¹

385 3515 396 3528 “
444 3525 505 3612 ὕλῃ
529 3528 580 3586 sui
608 3553 764 3610 σωματος,
795 3529 881 3593 tollit
909 3551 998 3608 eam,
1028 3544 1068 3596 ut
1094 3533 1216 3597 iniieiat
1243 3554 1318 3596 eam
1347 3535 1380 3594 in
1405 3547 1492 3614 μιιμν

359 3633 379 3664 '¹
444 3633 604 3712 muneris,
633 3635 818 3724 depositum
841 3640 884 3704 ad
907 3669 1031 3730 σπιρμιι
1050 3669 1175 3721 mutes,
1198 3658 1231 3709 et
1253 3648 1365 3710 statim
1385 3636 1492 3708 trecenti

445 3751 612 3836 sexaginta
634 3753 778 3838 quinque
800 3765 964 3843 λιιιουργιι
985 3783 1136 3843 uexerant
1157 3761 1282 3822 intrant
1308 3762 1344 3822 in
1369 3759 1494 3830 ea1u‚¹1t

443 3857 593 3928 habitent
613 3867 648 3930 in
676 3887 723 3930 ea
769 3864 854 3932 Sunt
880 3880 1043 3957 λειτουργιι
1068 3897 1163 3958 μερων
1194 3871 1338 3938 duorrnn
1367 3865 1447 3957 apud
1470 3878 1523 3924 εΗ

331 3957 406 4038 347
443 3973 599 4054 ῙΠΥῑθθῐῦἱ
624 3990 723 4065 atque
746 3983 845 4046 etiam
867 3993 1030 4071 λιιτουργοι
1045 4009 1227 4070 κατεχουιιι
1248 3987 1431 4073 sanguinem
1447 4001 1494 4062 ιρι·

421 4205 424 4210 ,
526 4120 557 4180 3.
579 4123 740 4184 secundum
762 4128 844 4210 (post
865 4126 915 4204 Ρ.)
970 4129 1021 4187 11.
1050 4141 1081 4189 et
1101 4153 1183 4214 μοιρᾳ
1205 4133 1308 4210 (atque
1331 4131 1414 4190 etiam
1432 4143 1493 4204 μοιρι

443 4214 495 4292 Ρ.)
526 4251 566 4266 -
597 4219 764 4283 diviserunt
790 4236 824 4284 ut
850 4223 983 4287 iacerent
1003 4239 1075 4304 ete,
1103 4229 1264 4308 (dividant)
1290 4241 1324 4290 ut
1351 4225 1449 4288 saciant
1465 4250 1493 4268 ··

444 4327 596 4395 quaerant,
618 4319 738 4384 mittant
759 4357 800 4374 -
821 4335 854 4386 et
873 4324 945 4387 dant
965 4359 1006 4376 -
1027 4325 1136 4389 bibunt
1157 4328 1206 4405 P.)
