3254 5340
642 499 706 567 131

131 703 324 768 χωρκμιτων
355 679 458 744 trium
491 703 711 764 τριτνιυματων
746 692 780 746 ct
814 682 879 746 tria
913 705 1090 769 χωρηματω
1117 687 1217 773 primi

134 821 308 883 μυστηριου,
340 814 522 878 eorumque
551 789 651 881 ταξιις
681 807 811 873 omnes,
849 809 948 883 atquc
977 800 1075 863 etiam
1106 812 1156 864 est
1186 803 1215 866 ci
1268 790 1271 796 ¹

135 907 254 1000 εξουσια
276 905 499 996 perlustrandi
521 904 620 997 ταξεις
636 931 749 974 omnes
765 923 960 991 κληρονομιων
976 911 1117 987 luminis,
1139 935 1214 1001 per·

136 1023 294 1090 lustrandi
319 1045 373 1087 eas
398 1031 418 1085 a
440 1034 534 1108 parte
558 1035 692 1086 externa
713 1025 748 1086 in
769 1026 948 1102 internam,
972 1038 1006 1090 et
1027 1026 1068 1090 ab
1085 1029 1215 1094 interne

96 1163 110 1201 s
136 1142 169 1203 in
193 1152 376 1212 externam,
405 1148 439 1200 et
459 1135 534 1200 inde
559 1134 600 1199 ab
625 1135 796 1201 altitudine
819 1137 861 1202 ad
882 1152 1012 1226 partem
1040 1139 1213 1219 infernam,

136 1267 169 1319 et
190 1252 266 1317 inde
290 1275 309 1315 a
331 1263 425 1338 parte
448 1249 575 1314 inferna
599 1249 642 1314 ad
665 1249 884 1329 altitudinem,
915 1265 948 1316 et
975 1251 1016 1316 ab
1041 1253 1213 1320 altitudine

136 1367 179 1431 ad
201 1364 294 1441 βαθος
318 1378 351 1429 et
373 1387 393 1428 a
414 1364 501 1439 Badra
526 1362 569 1428 ad
598 1363 802 1429 altitudinem
831 1377 865 1429 et
892 1388 912 1429 a
940 1365 1142 1452 longitudine
1171 1367 1213 1434 ad

136 1479 341 1544 latitudinem
364 1491 397 1543 ct
418 1501 438 1542 a
460 1477 631 1543 latitudine
658 1481 692 1542 in
722 1478 975 1566 longitudinem,
998 1477 1087 1571 ἀπαξ
1105 1485 1213 1552 citatos

138 1606 188 1658 est
210 1597 239 1658 ei
267 1589 386 1681 εξουσισ.
413 1591 633 1679 perlustrandi
660 1617 766 1662 τοπους
795 1615 908 1658 omnes
937 1606 1135 1680 κληρονομιων
1161 1595 1212 1659 lu·
1252 1593 1326 1665 906

84 1732 110 1773 1o
136 1711 246 1784 minis,
279 1720 311 1771 et
335 1719 384 1770 est
406 1709 435 1770 ei
458 1703 579 1794 εξουσια
601 1705 755 1770 manendi
782 1708 818 1770 in
843 1732 941 1793 τοπῳ,
971 1729 1037 1792 quo
1059 1707 1212 1786 voluerit,

133 1826 167 1887 iu
196 1836 379 1908 κληρονομιᾳ
413 1823 505 1908 regni
540 1821 688 1898 luminis;
730 1833 764 1884 et
794 1823 875 1900 ἀμην
910 1819 982 1886 dico
1014 1820 1124 1885 vobis:
1158 1821 1213 1888 ille

132 1937 233 2002 homo
261 1938 297 2000 in
327 1935 489 2000 solutione
519 1961 636 2018 κοσμου
665 1936 728 1998 erit
758 1956 817 1999 rex
845 1957 944 2022 super
971 1933 1070 2022 ταξεις
1099 1957 1212 2002 omnes

134 2065 345 2134 κληρονομιοις,
369 2051 480 2135 etqui
504 2051 666 2135 acceperit
686 2075 843 2135 μυντηριον
865 2048 1055 2126 lneffabilis,
1085 2050 1140 2114 ille
1163 2064 1213 2115 est
1235 2057 1277 2124 K

135 2185 206 2250 ego.
250 2172 411 2239 Μυστηριον
438 2162 520 2227 illud
549 2166 728 2250 cognoscit,
760 2175 962 2250 quapropter
991 2164 1093 2251 caligo
1123 2165 1212 2229 facta

83 2303 108 2343 rs
136 2280 178 2342 sit
206 2289 240 2342 et
270 2289 471 2364 quapropter
499 2277 624 2342 factum
655 2279 697 2340 sit
725 2277 851 2356 lumem
884 2290 917 2342 et
944 2304 1100 2365 μυστηρων
1130 2277 1212 2344 illud

134 2393 317 2480 cognoscit,
353 2404 554 2479 quapropter
589 2391 690 2478 caligo
725 2391 938 2458 tenebrarum
967 2392 1055 2456 facta
1085 2395 1143 2468 sit,
1165 2406 1213 2457 ‘et

134 2519 336 2595 quapropter
359 2505 471 2569 lumen
493 2506 655 2570 luminum
677 2506 802 2570 factum
826 2509 882 2584 sit3
906 2520 939 2571 et
958 2533 1114 2588 μυστηριον
1129 2505 1212 2572 illud

134 2624 312 2708 cognoscit,
348 2633 551 2708 quapropter
585 2619 666 2684 chaa
703 2607 792 2686 facta
821 2624 901 2698 sint,
939 2634 972 2685 et
1008 2633 1211 2708 quapropter

134 2735 240 2798 lactus
270 2737 311 2799 sit
339 2734 479 2819 θησαυρος
506 2735 653 2812 luminis3
690 2748 723 2800 et
744 2761 901 2818 μυστηρων
923 2735 1004 2799 illud
1033 2738 1208 2823 cognoscit,

80 2873 107 2914 ao
136 2862 338 2936 quapropter
360 2875 463 2936 aptam
485 2847 591 2914 iactae
614 2852 679 2913 sint
698 2862 731 2912 et
747 2860 946 2936 quapropter
962 2848 1048 2912 sacta
1065 2852 1107 2913 sit
1122 2862 1212 2913 terra

133 2963 266 3028 luminis
298 2976 331 3027 et
358 2989 446 3034 τοπος
471 2977 667 3048 κληρονομιων
697 2962 845 3039 luminis3
882 2975 915 3025 et
944 2987 1099 3043 μυστηριον
1129 2961 1211 3026 illud
1265 2943 1289 2995 .'

134 3081 313 3164 cognoscit,
348 3091 550 3166 quapropter
578 3091 719 3146 κολασεις
753 3089 964 3163 peccatorum
997 3073 1102 3138 factae
1137 3077 1210 3151 sint,
1234 3123 1260 3176 Χ

134 3207 167 3259 et
190 3207 391 3280 quapropter
415 3192 501 3256 lacta
524 3194 565 3256 sit
588 3217 756 3261 uvuxoeuo'tt
775 3192 865 3277 regni
882 3189 1023 3266 luminis3
1047 3201 1080 3252 et
1094 3214 1211 3269 μυστη-

133 3333 190 3394 ριον
212 3307 293 3372 illud
316 3309 496 3394 cognoscit,
527 3317 727 3393 quapropter
748 3317 936 3392 peccatores
963 3303 1042 3367 facti
1070 3305 1148 3380 sint,
1178 3315 1212 3367 et
1252 3299 1280 3352 >‹

79 3443 107 3484 as
135 3434 336 3509 quapropter
367 3421 473 3484 sactae
502 3423 566 3485 sint
594 3435 785 3501 κληρονομιαι
813 3419 960 3495 luminis3
992 3431 1025 3482 et
1053 3443 1210 3501 μυπηριον
1248 3417 1322 3493 ‘207

132 3535 213 3600 illud
230 3539 404 3624 cognoscit,
429 3548 630 3621 quapropter
646 3533 723 3598 lacti
739 3537 803 3598 sint
818 3533 938 3612 ασεβεις
959 3545 992 3596 et
1008 3545 1210 3621 quapropter

131 3650 210 3716 facti
233 3655 298 3716 sint
320 3648 445 3737 αγαθως
469 3661 502 3713 et
522 3675 679 3733 μυστηρων
700 3648 781 3714 illud
804 3651 983 3737 cognoscit,
1008 3661 1210 3736 quapropter

132 3791 238 3850 κρισεις
259 3781 413 3831 notorior
436 3763 543 3828 factae
566 3767 631 3829 sint
653 3778 686 3830 et
701 3778 903 3852 quapropter
925 3763 1031 3826 factae
1055 3766 1119 3826 sint
1140 3788 1210 3845 προ·
1246 3757 1267 3810 ²<

133 3877 230 3955 βολιι
254 3901 367 3943 omnes
395 3880 540 3957 luminis3
572 3891 605 3943 et
625 3906 782 3963 μυπηριον
808 3877 887 3940 illud
917 3876 1097 3960 cognoscit,
1129 3894 1209 3957 qua-

78 4014 106 4054 ro
133 4003 273 4079 propter
301 4007 471 4079 peccatum
501 3993 625 4058 factum
655 3995 697 4056 sit
729 4004 762 4056 et
791 4001 992 4077 quapropter
1028 3985 1114 4049 lacta
1146 3987 1211 4049 sint

132 4106 342 4193 βαπτισμοιτοι
366 4121 398 4172 et
419 4133 569 4197 μυστηριιι
590 4105 736 4182 luminls3
760 4115 794 4168 et
814 4127 970 4189 μυπηριον
985 4097 1067 4162 illud
1090 4120 1210 4187 cogno·

215 4353 244 4412 1.
272 4363 303 4414 et
329 4355 387 4414 tria
413 4357 517 4435 (atque
542 4353 630 4415 etiam
659 4352 716 4411 tria
742 4350 789 4426 P.)
858 4348 889 4408 2.
916 4368 1080 4430 eorumque
1108 4349 1211 4430 (atque

130 4451 219 4516 etiam
242 4473 346 4516 eorum
368 4455 416 4533 P.)
468 4455 498 4514 2.
519 4452 586 4516 Del.
608 4449 749 4534 „etiam”
770 4450 805 4511 P.

971 4557 1005 4587 α

865 4597 869 4604 ·
970 4584 982 4630 l
