3240 5328
632 479 697 547 217
759 515 764 524 ·

130 663 193 744 pur
216 657 365 722 omnium
387 653 546 735 matheria,
574 679 655 746 quas
679 657 782 724 ederit
805 673 838 726 et
858 659 991 740 biberit,
1020 689 1201 749 κατεχουσιν

129 790 166 834 ea
187 773 222 834 in
244 771 382 836 muliere
405 769 457 842 ἕως
480 771 522 835 ad
545 772 759 859 quadraginta
784 773 866 850 dies,
890 789 930 858 ⁸et
956 791 1033 864 post
1061 779 1200 864 quadra-

127 886 216 968 ginta
232 883 301 948 dies
325 883 509 970 subigentes
533 889 722 973 sanguinem
737 889 786 950 vis
804 897 928 975 τροφων,
952 889 1106 978 subigunt
1126 915 1201 958 eum

126 1009 230 1068 καλως
259 1000 293 1060 ἰη
319 1023 422 1085 μητρφ
451 999 606 1064 mulieris.
650 1000 731 1064 Post
754 1001 968 1088 quadraginta
995 1003 1063 1069 dies
1091 1005 1201 1070 aedifi·

87 1132 100 1171 s
126 1122 201 1173 rant
232 1132 363 1197 quoque
390 1132 450 1198 per
479 1125 546 1176 tres
579 1111 647 1176 dies
678 1115 746 1178 eius
776 1127 858 1196 μελη
887 1117 922 1177 ἰη
951 1143 1035 1183 ernon
1062 1143 1203 1202 σωματος

125 1222 275 1300 hominis,
298 1245 501 1311 unoquoque
523 1247 628 1288 unum
649 1238 743 1308 μελος
766 1225 965 1304 aedificante,
990 1251 1131 1314 quorum
1154 1229 1200 1297 ir·
1310 1257 1311 1260 ¹

128 1361 232 1405 narsus
256 1336 362 1401 dicam
382 1337 487 1414 vobis,
512 1341 568 1424 qui
591 1336 808 1403 aedificabunt
829 1339 877 1416 id3
902 1339 1007 1406 dicam
1030 1364 1086 1407 eos
1106 1344 1200 1409 vobis

128 1451 162 1511 in
185 1449 398 1535 explicatione
420 1453 572 1514 universi.
616 1451 745 1533 Quodsi
768 1479 816 1517 ουν
838 1453 1016 1540 posthaec
1038 1468 1202 1543 λειτουργοι

128 1560 322 1647 perfecerint
343 1587 436 1646 σωμα
461 1584 557 1629 omne
586 1567 720 1651 eiusque
747 1577 828 1648 μελη
858 1567 967 1630 omnia
997 1574 1202 1655 septuaginta

79 1695 104 1736 ro
132 1671 253 1750 diebus,
278 1687 311 1738 et
331 1675 469 1762 posthac
484 1689 645 1765 λειτουργοι
661 1691 806 1744 κωλουσιν
828 1682 862 1742 in
877 1705 979 1763 σωμα,
1003 1681 1094 1767 quod
1114 1682 1201 1748 aedi·-

129 1785 282 1864 ficarunt‚
308 1791 451 1874 primum
478 1817 534 1874 μιν
549 1803 702 1859 'aaaron
722 1817 879 1878 αντιμιμον
898 1819 1081 1878 πνευματος,
1110 1809 1202 1882 post·

129 1898 190 1964 hac
212 1914 341 1968 κωλουσι
359 1900 469 1990 ψυχην
491 1906 578 1968 intra
599 1903 694 1980 haec,
731 1919 764 1970 et
784 1906 922 1993 posthac
944 1920 1074 1974 καλουσι
1092 1935 1202 1995 μιγμω

128 2017 178 2078 vis
201 2018 289 2080 intus
311 2018 346 2078 in
367 2012 492 2102 ψυχην,
523 2029 556 2080 et
581 2045 688 2105 μοιρων
709 2033 839 2107 ponunt
861 2032 953 2086 extra
979 2021 1059 2086 haee
1083 2027 1201 2087 omnia.

129 2125 203 2192 Non
227 2141 276 2192 est
302 2130 451 2193 immixta
474 2151 550 2194 oum
577 2134 632 2207 iis,
662 2131 947 2211 arausionensis,
979 2157 1116 2222 sequens
1147 2159 1202 2215 ea;

79 2263 104 2304 rs
131 2253 165 2306 et
185 2241 323 2329 posthac
347 2255 511 2329 λειτουργω
530 2245 747 2332 σφραγιζουσιν
775 2269 814 2310 ea
840 2249 892 2334 (in
914 2271 1016 2337 marg.
1038 2252 1073 2312 in
1096 2271 1130 2314 se
1150 2253 1201 2314 iu-

128 2357 234 2420 vieem
261 2364 426 2444 σφραγισιν
454 2357 619 2434 omnibus,
649 2359 920 2445 quasdederunt
945 2365 984 2427 iis
1008 2388 1147 2450 αρχοντις
1170 2375 1203 2428 et

127 2469 343 2557 σφραγιζουσι)
367 2469 462 2546 diem,
487 2493 552 2556 quo
568 2472 752 2538 inhabitant
766 2477 800 2536 in
815 2475 959 2550 muliere,
984 2476 1202 2562 σφραγιζουσιν

127 2586 265 2648 eumin
293 2605 395 2648 manu
424 2587 553 2649 sinistra
579 2599 781 2671 πλασματος,
813 2601 845 2651 et
872 2568 1075 2675 appamiensi
1106 2588 1201 2664 diem,
1241 2583 1315 2657 348

129 2717 195 2781 quo
223 2696 431 2783 perfecerunt
453 2721 562 2784 σωμιι,
590 2703 625 2761 iu
652 2721 754 2763 manu
781 2699 912 2778 dextra,
944 2716 977 2766 et
999 2702 1202 2790 σφραγιζουσι

76 2831 103 2872 ar
130 2808 234 2885 diem,
264 2832 329 2896 quo
358 2835 498 2897 αρχοντες
529 2809 690 2874 dederunt
717 2831 756 2873 ea
786 2812 862 2887 sibi,
893 2817 927 2875 in
956 2816 1064 2880 medio
1094 2843 1202 2902 κρωνιῳ

128 2948 270 3009 σωματος
287 2939 486 3009 tuameres,
510 2935 544 2987 et
565 2923 768 3010 σφραγιζουσι
793 2922 894 3000 diem,
910 2947 984 3010 .quo
1007 2925 1102 3012 ψυχη
1127 2931 1204 2990 exiit

128 3057 169 3102 ex
185 3061 338 3122 apxovro,
353 3037 568 3123 σφραγιζοντες
584 3057 658 3100 eum
673 3039 708 3100 in
721 3063 830 3125 κρωνιῳ
845 3052 1040 3124 ’κλμ-ματος,
1057 3052 1090 3102 et
1100 3048 1202 3126 σφρα-

129 3150 245 3239 prtum
269 3149 371 3228 diem,
403 3173 468 3237 quo
492 3150 692 3237 subegerunt
713 3165 811 3234 μιλη,
842 3165 875 3217 et
898 3165 1092 3240 separarunt
1113 3151 1147 3216 id
1169 3154 1204 3216 in

127 3262 248 3350 riom,
267 3265 483 3352 σφραγιζουσιν
506 3287 581 3329 erun
610 3267 644 3327 in
674 3290 781 3352 κρανιῳ
806 3263 919 3330 dextro
943 3279 1142 3349 πλωσμωτος,
1172 3278 1205 3330 et

76 3399 102 3440 aa
129 3377 233 3456 diem,
264 3401 329 3466 quo
352 3379 494 3464 ligarunt
517 3403 674 3462 ωντιμιμον
692 3403 861 3463 πνευματος
889 3382 923 3442 in
951 3401 1038 3455 eam,
1068 3386 1203 3466 σφραγι-

127 3494 212 3582 ζουσι
234 3496 268 3558 in
290 3497 463 3581 posteriori
486 3504 580 3579 parte
604 3493 717 3580 capitis
740 3504 935 3575 πλασματος,
959 3505 994 3558 et
1017 3492 1112 3567 diem,
1136 3512 1202 3578 quo

126 3607 283 3673 inflarunt
295 3611 364 3674 vim
386 3611 421 3671 in
444 3632 538 3690 σωμω
553 3632 703 3693 αρχοντες,
725 3606 928 3695 oppa-{ciaon
942 3610 977 3670 in
993 3615 1203 3694 παγκεφωλῳ,

128 3721 219 3807 quod
241 3725 276 3784 in
297 3721 406 3786 medio
430 3724 544 3807 capitis
572 3734 759 3804 πλωσματος
787 3733 885 3806 atque
914 3723 1013 3785 etiam
1043 3724 1077 3784 in
1105 3717 1203 3782 corde

128 3845 325 3914 πλασμωτος,
353 3845 452 3914 atque
475 3836 572 3896 stiam
594 3855 770 3896 numerum
785 3828 969 3905 ¹annorum,
992 3851 1075 3914 quos
1097 3841 1204 3891 trans·

77 3962 104 4002 ao
130 3945 197 4028 iget
218 3938 313 4026 ψυχη
340 3944 376 4002 in
401 3965 536 4023 σωματι,
563 3943 781 4027 σφραγιζουσιν
808 3942 843 4000 in
873 3939 981 4004 fronte
1011 3951 1205 4021 πλασματος,

132 4057 208 4120 ὥστε
231 4053 290 4117 has
314 4050 490 4140 σφραγιᾶας
513 4073 626 4117 ornnes
649 4050 868 4138 σφραγιζουσιν
887 4054 922 4115 in
944 4064 1126 4135 πλασματις
1148 4051 1206 4116 ha·

133 4189 210 4236 rum
232 4164 409 4256 σφραγιὸων
438 4167 586 4231 omnium
613 4165 719 4230 dicam
747 4185 868 4230 nomen
894 4165 988 4232 vobis
1014 4169 1049 4230 in
1076 4187 1206 4232 emana-

215 4387 245 4450 5.
269 4410 325 4474 per
345 4401 406 4453 tres
429 4392 498 4472 (per
518 4389 643 4474 triginta
663 4390 713 4465 P.)
766 4389 795 4450 9.
819 4409 907 4468 omne
928 4391 1041 4471 (toturn
1062 4389 1113 4470 P.)
