3296 5354
957 427 1002 492 36

438 613 535 680 minis
557 608 653 688 mibi,
682 621 781 696 atqtm
803 609 925 674 iterum
945 609 1095 696 incepere
1119 603 1300 684 adversm,
1330 603 1521 672 afflixerunt

437 749 493 792 me
521 723 635 801 valde,
674 736 714 788 ut
750 721 918 788 auferrent
949 721 1058 786 lucem
1088 741 1235 798 omnem,
1277 743 1362 808 quae
1389 723 1425 784 in
1454 743 1518 785 me.

437 839 579 928 Propter
601 839 697 914 haee,
718 839 754 901 in
777 837 896 923 quibus
918 835 1110 925 plantanmt
1130 856 1199 911 me,
1225 856 1268 900 ne
1291 833 1517 899 adscendunto

437 957 473 1020 in
495 953 660 1019 decimum
686 955 821 1017 tertium
852 977 960 1027 atavo,
989 976 1076 1016 reeca
1095 947 1287 1024 beatarum.
1338 947 1429 1012 Neve
1458 946 1518 1012 ad·

437 1079 654 1132 numerantur
675 1068 710 1129 in
731 1077 837 1153 κληρον
865 1065 1002 1142 Ιιοιιιιιι,
1040 1065 1098 1150 qui
1124 1076 1268 1151 purgant
1295 1085 1330 1128 se
1358 1075 1391 1128 et
1418 1084 1550 1126 sauma

437 1181 559 1257 lumen,
581 1201 665 1246 neve
688 1177 944 1244 adnumerantor
965 1177 1009 1242 ad
1031 1178 1108 1254 hos,
1132 1180 1189 1264 qui
1203 1202 1419 1265 μετωνοησουτι
1441 1179 1517 1252 cito,

437 1309 477 1360 ut
504 1296 663 1381 accipiant
690 1317 849 1380 μυπηριον
880 1295 943 1357 cito
974 1294 1009 1356 in
1041 1291 1181 1368 lumine,
1217 1304 1396 1379 propterea
1425 1289 1518 1377 quod

439 1407 646 1474 abstulerunt
666 1429 779 1472 meum
800 1406 913 1471 lumen
939 1405 1034 1484 mihi3
1064 1419 1098 1471 et
1125 1427 1201 1470 mea
1228 1407 1279 1471 vis
1308 1399 1431 1494 incepit
1459 1403 1516 1469 de·

439 1522 537 1588 ficere
566 1523 602 1586 in
624 1543 692 1598 me,
723 1534 823 1608 atque
858 1519 981 1608 indigui
1011 1542 1085 1585 meo
1116 1519 1249 1584 lumine.
1300 1519 1395 1584 Nunc
1416 1521 1517 1606 igitur
1621 1565 1622 1568 κ

438 1635 565 1712 lumen,
589 1634 681 1722 quod
702 1637 737 1699 in
757 1647 807 1713 te,
831 1647 881 1700 est
901 1654 1046 1710 mecum,
1076 1635 1195 1719 ύμνευω
1218 1647 1314 1698 ιιιιιιιι
1335 1655 1458 1698 nomen
1478 1636 1515 1696 in
1542 1657 1564 1697 ιι

438 1749 556 1838 gloria3
581 1763 614 1815 et
635 1771 728 1816 meus
751 1753 852 1835 ὑμνος,
874 1747 995 1823 lumen,
1017 1747 1145 1835 placeto
1169 1747 1229 1812 tibi
1252 1751 1335 1813 sieut
1356 1773 1515 1832 μυσιηρων

438 1863 658 1952 praeclarum,
683 1862 774 1950 quod
794 1864 950 1950 pertingit
971 1860 1014 1926 ad
1029 1874 1131 1932 πυλας
1145 1861 1292 1936 lu111inis‚
1315 1861 1392 1938 hoc,
1423 1860 1516 1947 quod

438 1976 548 2043 dicent
567 2001 809 2063 μετανοησαντει,
833 1988 932 2060 atque
953 1974 1143 2063 purgabunt
1165 1978 1233 2041 eius
1254 1975 1375 2040 lumen.
1419 1975 1514 2038 Nunc

336 2085 387 2162 52
436 2094 536 2177 igitur
557 2093 634 2155 ύλωι
658 2111 771 2154 omnes
794 2087 967 2175 gaudento.
1007 2089 1164 2171 Quaerite
1185 2111 1246 2154 vos
1263 2111 1376 2154 omnes
1391 2088 1513 2153 lumen.

436 2203 537 2267 Vivet
562 2205 612 2266 vie
641 2216 771 2269 vestrae
799 2205 926 2266 animae
954 2224 1039 2287 quae
1066 2205 1101 2268 in
1134 2203 1242 2280 vobis,
1278 2202 1371 2289 quod
1398 2203 1513 2268 lumen
1541 2228 1565 2288 u

437 2315 563 2382 audivit
583 2319 678 2393 ύλιις,
707 2337 815 2401 neque
837 2318 921 2380 sinet
942 2315 1025 2382 ullas
1048 2321 1142 2393 ὑλας,
1171 2339 1253 2404 quas
1275 2316 1366 2382 baud
1391 2339 1512 2406 pnrga-

435 2433 493 2496 vit.
537 2425 707 2520 ψυχαιει
726 2433 802 2497 iace
823 2428 1034 2518 praedicanto
1059 2429 1238 2510 dominum,
1266 2457 1364 2502 arom
1387 2453 1511 2508 omnes,

438 2557 538 2631 atque
559 2547 649 2622 ὗλαι,
681 2565 862 2630 eorumque
891 2548 1017 2622 omnia,
1052 2549 1194 2631 quaein
1221 2549 1276 2624 iis3
1311 2544 1401 2632 quod
1428 2544 1510 2610 deus

434 2657 587 2723 liberabit
610 2681 725 2724 eorum
746 2655 858 2748 ψυχην
881 2680 922 2723 ex
949 2661 1009 2750 ύλῃ
1033 2663 1136 2738 οιιιιιί;
1171 2673 1205 2726 et
1233 2659 1398 2748 parabunt
1423 2673 1510 2726 πολιν

434 2773 470 2837 in
490 2772 624 2838 lumine.
668 2773 713 2840 Et
734 2769 845 2861 ψυχαιι
870 2795 992 2851 omnes,
1016 2796 1098 2860 quas
1120 2773 1283 2852 liberabit,
1313 2773 1509 2838 habitabunt
1536 2799 1563 2838 aa

434 2887 470 2951 in
491 2899 577 2954 πολει
598 2887 669 2965 illa,
700 2901 739 2952 ut
763 2901 1017 2975 κληρονομησωσιν
1040 2909 1121 2953 eam.
1166 2889 1211 2953 Et
1238 2885 1350 2976 ψυχιιι
1379 2887 1508 2964 horum,

435 3004 492 3088 qui
515 3005 691 3091 suscipient
711 3029 876 3088 μυστηριον,
901 3006 962 3068 erit
983 3005 1018 3066 in
1040 3029 1120 3089 τοπῳ
1142 3001 1208 3067 illo.
1253 3002 1299 3069 Et
1320 3005 1377 3090 qui
1400 3024 1508 3067 susce·

432 3136 511 3204 pere
532 3143 689 3205 μυστηριον
711 3119 746 3180 ἰιι
769 3119 837 3182 eiua
860 3119 1006 3194 nomine,
1031 3129 1127 3181 erunt
1147 3120 1182 3180 in
1205 3117 1269 3180 ea.”

522 3227 661 3295 Factum
674 3232 774 3317 igitur
797 3243 854 3306 est,
879 3253 982 3316 quum
995 3230 1085 3296 Iesus
1106 3230 1297 3319 protulisset
1310 3230 1390 3295 haee
1405 3229 1507 3295 verba

433 3344 500 3406 suis
522 3342 685 3427 μιθητωις,
716 3341 797 3406 dixit
818 3345 869 3406 iis:
899 3344 951 3407 hic
980 3358 1030 3408 est
1051 3347 1156 3428 ὑμνις,
1187 3367 1286 3431 quem
1309 3343 1391 3408 dixit
1411 3369 1508 3414 τιστις
1533 3371 1561 3410 aa

432 3463 529 3539 σιφια.
550 3457 585 3517 in
608 3477 668 3518 sua
689 3457 797 3542 prima
818 3481 961 3544 μιταινοιφ
979 3483 1167 3541 peroratura.
1189 3471 1326 3546 propter
1349 3481 1409 3524 sua
1430 3481 1506 3547 pee-

432 3578 518 3640 cata,
543 3579 576 3629 et
598 3565 707 3632 dicens
730 3589 782 3632 res
806 3591 935 3646 omnes,
963 3592 1047 3656 quae
1070 3569 1177 3636 laetae
1199 3585 1277 3636 sunt
1299 3572 1368 3638 sibi.
1413 3573 1507 3638 Nune

430 3680 538 3766 igitur,
561 3682 614 3744 cui
637 3695 714 3746 eunt
736 3704 831 3747 aures
855 3682 897 3747 ad
920 3683 1135 3764 audiendum,
1160 3686 1283 3751 audito.
1326 3686 1507 3775 Progressa

429 3815 544 3860 rursus
566 3793 670 3860 Maria
691 3795 787 3860 dixit:
814 3799 859 3860 mi
883 3797 1028 3864 domine!
1059 3814 1136 3865 sunt
1161 3824 1257 3866 aures
1280 3823 1355 3866 meo
1378 3801 1506 3868 incolae

428 3909 524 3989 lucis,
552 3924 652 3999 atque
676 3911 773 3977 audio
796 3914 831 3976 in
856 3935 932 3978 mea
956 3916 990 3978 vi
1018 3913 1165 3993 luminis,
1193 3930 1293 4004 atque
1316 3923 1401 4005 νηῲει
1422 3915 1504 3980 mihi
1530 3942 1558 3982 a

512 4063 541 4124 8.
564 4066 678 4147 incepit
699 4063 828 4152 (ηρξατσ.
866 4067 900 4128 In
929 4079 1013 4129 textu
1040 4068 1154 4152 legitur
1178 4089 1280 4148 apae:
1305 4091 1362 4151 pro
1388 4089 1506 4148 apxer

427 4161 478 4239 Ρ.)
527 4163 577 4223 10.
600 4165 686 4227 Inter
706 4169 765 4244 „in
787 4169 842 4228 te''
866 4179 896 4228 et
918 4170 1016 4245 „est”
1039 4169 1116 4248 (add.
1140 4170 1220 4250 quod
1241 4171 1290 4248 P.)
1332 4169 1381 4230 18.
1404 4171 1505 4232 omnia

426 4259 501 4338 (vel,
523 4273 557 4320 ut
577 4263 607 4324 b.
631 4266 663 4325 S.
686 4277 770 4328 antea
791 4279 935 4329 verterat:
964 4293 1098 4345 ‚‚cawvwv
1119 4271 1268 4348 omniurn,
1299 4282 1388 4353 atque
1416 4270 1503 4348 ὑλων,

427 4361 619 4443 omniumque
640 4385 714 4445 quae
735 4366 766 4426 in
788 4367 824 4427 iis
845 4367 896 4445 P.)
938 4369 988 4429 21.
1009 4361 1118 4449 ψυχαι
1139 4362 1250 4450 (buxa
1272 4370 1320 4448 P.)
