3296 5354
651 461 695 532 79

132 643 278 714 audisset
299 641 380 710 haec
402 638 520 720 verba,
544 661 630 728 quae
652 637 733 706 dixit
754 639 872 719 Maria,
895 663 955 706 sua
977 653 1092 720 mater,
1116 640 1210 710 dixit:

131 786 218 848 ιυγε,
241 769 362 834 utus,
384 756 497 820 Maria.
541 754 718 842 Progressa
746 754 811 818 alia
831 755 933 820 Maria
956 754 1051 820 dixit:
1081 759 1127 820 mi
1150 757 1210 822 do·

131 877 234 950 mine,
256 897 352 955 ανεχε
374 891 443 946 me,
467 889 550 934 neve
571 870 710 932 irascere
733 867 825 945 mihi,
849 869 966 933 saltem
987 868 1062 935 inde
1085 895 1104 935 a
1127 884 1210 935 tem-

132 1009 224 1075 pore,
247 1007 314 1071 quo
339 997 398 1048 tua
419 996 526 1048 mater
541 995 651 1048 tecum
670 981 781 1046 locuta
800 995 849 1046 est
863 995 998 1070 propter
1014 984 1211 1050 solutionem

91 1125 104 1164 s
133 1087 269 1165 horunf
277 1096 467 1163 verborum.
504 1096 578 1160 Mea
599 1098 648 1159 vis
671 1095 844 1183 perturbat
865 1118 928 1171 mo,
951 1110 989 1159 ut
1010 1098 1210 1184 progrediar,

133 1227 173 1278 ut
202 1212 309 1277 dinam
338 1231 471 1296 quoque
506 1208 703 1274 solutionem
732 1210 852 1274 horum
884 1209 1071 1274 verborum.
1122 1211 1212 1276 Dixit

135 1325 292 1401 cilcsus,
319 1337 433 1390 κελευω
455 1322 530 1399 tibi,
561 1334 600 1386 ut
623 1320 708 1387 dicas
733 1344 848 1388 eorum
872 1322 1077 1390 solutionem.
1122 1326 1213 1388 Dixit

135 1439 253 1505 Maria:
281 1441 327 1502 mi
356 1436 503 1512 domine,
533 1436 756 1502 misericordia
785 1449 818 1502 ct
846 1440 968 1503 veritas
999 1452 1211 1504 occurrerunt

137 1551 199 1617 sibi
220 1554 367 1618 invicem.
411 1549 632 1615 Misericordia
660 1563 710 1616 est
736 1577 873 1635 πνευμε,
904 1550 994 1636 quod
1025 1554 1213 1638 supervenit

82 1693 109 1734 ro
136 1669 171 1730 in
200 1679 250 1742 te,
284 1678 323 1728 nt
351 1666 512 1751 acciperes
535 1664 703 1748 βαπτισμα.
727 1663 768 1728 ab
795 1663 948 1728 Iohanne.
992 1664 1212 1730 Misericordia

133 1783 232 1868 igitur
254 1792 304 1845 est
325 1803 447 1860 πυευμω
471 1777 663 1853 divinitatis,
689 1777 779 1862 quod
800 1778 892 1842 venit
914 1791 1075 1864 superte,
1097 1781 1210 1842 miser·
1259 1844 1264 1874 Ι

134 1908 207 1958 tum
236 1917 336 1980 γινους
364 1893 551 1968 hominum,
590 1888 771 1966 descendit,
802 1917 949 1965 απηντησε
975 1893 1008 1954 vi
1038 1890 1211 1956 Sabaothis
1263 1891 1268 2001 J

136 2005 264 2092 αγαθου,
288 2028 372 2092 quae
394 2008 494 2082 inte,
516 2005 596 2069 haec
617 2026 701 2090 quae
722 1999 842 2091 εκῆρυξε
859 2029 965 2092 ronco:
983 2001 1139 2081 αληθειειις
1164 2003 1211 2068 di·
1261 2004 1266 2072 l

135 2124 185 2186 xit
207 2117 240 2185 dr
260 2122 393 2184 iterum:
423 2115 589 2191 ductuum
614 2131 647 2182 et
669 2144 756 2204 ειρηνη
788 2118 952 2183 osculatae
981 2131 1058 2181 sunt
1081 2116 1141 2181 sibi
1162 2120 1211 2180 in·

83 2259 110 2300 rs
137 2237 252 2298 vicem.
297 2240 472 2306 Δικαιοσυνη
495 2235 594 2318 igitur
621 2243 672 2296 est
694 2257 814 2314 πνευμω
836 2231 982 2307 luminis,
1011 2229 1101 2318 quod
1122 2233 1213 2296 venit

137 2359 308 2434 superte,
340 2345 429 2432 quod
456 2344 567 2410 attulit
589 2370 739 2431 μυστηριε
763 2345 959 2421 altitudinis,
989 2358 1028 2408 ut
1056 2344 1151 2411 daret
1174 2367 1213 2408 ea
1253 2339 1324 2411 1⁶23

135 2487 209 2547 γενει
231 2460 413 2525 hominum.
457 2469 558 2546 Ειρηνη
582 2480 715 2545 quoque
739 2472 788 2523 est
810 2463 875 2536 vis,
908 2481 992 2545 quae
1014 2461 1120 2534 in'te,
1152 2457 1211 2522 Sa·
1251 2479 1275 2535 a„

135 2574 263 2638 badthis
287 2572 422 2660 ayadoo,
455 2576 510 2659 qui
538 2572 694 2651 βαπτισας
721 2575 846 2638 remisit
875 2599 949 2659 γενει
978 2573 1149 2637 hominum
1180 2585 1213 2636 et

136 2688 213 2753 fecit
235 2690 289 2775 (so.
311 2688 374 2772 vis)
398 2709 454 2753 eos
478 2711 581 2773 ειρηνην
604 2707 679 2750 cum
702 2685 774 2750 filiis
797 2686 938 2752 luminis.
979 2685 1088 2773 Atque
1113 2689 1212 2750 etiam

83 2829 111 2869 ao
137 2805 221 2868 sicut
242 2813 302 2866 tua
329 2805 379 2866 vis
410 2801 491 2866 dixit
517 2823 577 2888 per
606 2798 782 2865 Davidem:
809 2804 930 2865 veritas
956 2802 1213 2887 progerminavit

137 2929 280 2990 eterra,
311 2937 395 3001 quae
424 2928 474 2980 est
501 2918 551 2980 vis
582 2913 757 2978 Sabaothis
781 2911 915 2997 αγαθου,
946 2935 1049 2997 quum
1077 2913 1210 2977 diceret:

135 3031 391 3118 progerminavit
414 3043 548 3106 eterra;
574 3028 655 3092 haec
679 3048 762 3113 qnae
785 3029 1044 3113 progerminavit
1066 3027 1211 3102 eMaria‚

135 3156 193 3207 tua
216 3156 321 3207 matre
344 3145 499 3207 terrestri.
539 3149 718 3214 diacorum
742 3161 874 3226 quoque
896 3138 1043 3226 despexit
1066 3161 1083 3202 e
1107 3138 1211 3216 caelo:

135 3256 198 3322 hoc
222 3269 271 3322 est
293 3283 414 3342 πνευμα
438 3254 528 3342 quod
549 3259 584 3319 in
607 3252 788 3331 altitudine,
810 3254 873 3319 hoc
897 3252 988 3340 qrrod
1011 3252 1129 3316 adtulit
1150 3279 1211 3334 μυ·

83 3399 109 3439 rs
137 3397 242 3456 στηρια.
266 3373 375 3434 omnia
398 3392 439 3435 ex
461 3368 640 3444 altitudine,
664 3368 754 3433 dedit
776 3391 815 3434 ea
838 3393 912 3454 γενει
927 3366 1107 3444 hominum,
1132 3368 1211 3453 (quo

135 3484 238 3568 facto)
269 3482 403 3548 fuerunt
436 3480 541 3549 denotat
578 3496 611 3548 et
646 3482 781 3548 fuerunt
816 3481 941 3568 oyciac,
976 3495 1212 3566 εκληρονομησοιν

1278 2192 1296 2248 ι

133 3621 272 3686 regnum
296 3598 437 3662 luminis.
467 3595 605 3660 Factum
627 3599 724 3683 igitur
747 3595 802 3685 (dc)
825 3610 884 3672 est,
909 3619 1011 3682 quum
1032 3595 1120 3661 lesus
1145 3617 1212 3660 ces-

135 3725 240 3778 sasset
271 3711 385 3776 audire
415 3710 494 3776 haec
524 3708 642 3786 verba,
680 3733 763 3796 quae
795 3710 875 3774 dixit
910 3711 1086 3787 Mariham,
1119 3709 1211 3774 dixit:

137 3851 208 3909 ιυγε
230 3825 399 3901 Maribam,
422 3838 599 3910 κληρονομος
621 3825 761 3888 luminis.
804 3823 980 3911 Progressa
1002 3826 1122 3888 iterum
1144 3821 1212 3884 Ma-

83 3963 112 4004 so
138 3939 206 4011 ria,
236 3949 343 3999 mater
364 3936 470 4014 lesus,
499 3941 679 4026 prostravit
702 3961 736 4002 se
759 3937 802 4001 ad
826 3941 894 4001 eius
915 3936 1033 4023 pedes,
1067 3933 1214 3997 osculata

139 4061 191 4116 est
212 4050 252 4111 iis
275 4061 309 4112 ει
331 4046 425 4113 dixit:
457 4053 504 4114 mi
527 4051 672 4126 domine,
700 4064 734 4116 ει
756 4053 801 4114 mi
823 4049 885 4126 iili,
916 4061 949 4112 et
971 4049 1016 4110 mi
1039 4071 1141 4130 σωτηρ,
1172 4067 1213 4110 ne

136 4165 279 4232 irascere
301 4162 389 4241 mihi,
413 4175 503 4232 ωλλα
525 4187 622 4256 parce
637 4166 732 4242 mihi:
757 4163 864 4228 dicam
884 4161 1080 4228 solutionem
1093 4159 1214 4226 horum

222 4299 252 4360 9.
275 4300 480 4364 Misericordia
502 4301 579 4380 (add.
600 4302 697 4386 igitur
710 4300 760 4380 Ρ.)
824 4299 874 4361 10.
897 4309 932 4360 ut
952 4301 1056 4380 (quum
1071 4298 1121 4378 Ρ.)
1162 4297 1213 4358 20.

138 4401 217 4462 sicot
238 4401 328 4479 (κατα
349 4402 483 4480 modum,
505 4422 566 4482 quo
588 4401 639 4481 Ρ.)
