3296 5354
965 455 1010 522 Ἡ

451 639 521 724 Qui
547 640 647 726 igitur
673 638 837 702 invenerit
863 655 979 702 esrmn
1005 651 1182 700 nnmerum
1210 631 1286 700 inde
1311 657 1333 700 s
1362 646 1525 722 tempore,

453 775 520 841 quo
542 755 672 818 mnuvi
694 773 764 828 eas,
793 752 994 816 constituens
1017 770 1089 826 eas,
1117 761 1158 812 nt
1185 769 1242 814 sex
1262 769 1397 814 menses
1425 749 1526 812 inme·

452 881 551 934 antur
573 887 729 952 susm
760 867 900 940 simma,
930 877 965 929 et
993 885 1051 928 sex
1078 883 1206 928 menses
1235 864 1432 928 intueantur
1455 883 1525 926 suas

451 985 524 1050 vias
548 981 696 1056 dunas,
727 981 784 1064 qui
812 981 912 1064 igitur
941 975 1209 1042 animadverterit
1238 998 1293 1041 ens
1322 977 1391 1040 hoe
1422 974 1527 1050 modo,

453 1098 533 1164 sciet
555 1116 671 1160 earum
692 1105 932 1178 ιτοτιλεεμιιτι
947 1105 1097 1157 accurate
1121 1103 1154 1155 et
1172 1089 1319 1178 proferet
1333 1111 1391 1154 res
1408 1111 1527 1164 omnes,
1550 1113 1560 1150 s

453 1231 536 1296 ques
559 1208 689 1273 sacient
731 1209 865 1291 Ὀμοιως
893 1227 1027 1291 quoque
1056 1203 1271 1280 divinatores,
1305 1207 1333 1268 si
1364 1216 1527 1270 επαιλωσι

451 1343 575 1386 nomen
597 1345 763 1406 αρχοπων,
792 1333 833 1383 ut
853 1343 1022 1384 arenoso
1043 1321 1083 1382 iis
1111 1321 1274 1382 intuentes
1296 1321 1330 1381 in
1357 1321 1525 1382 sinistram.

451 1435 518 1500 Res
547 1456 675 1510 omnes,
711 1431 751 1498 de
780 1431 900 1520 quibus
929 1433 1202 1518 interrogaverint
1235 1453 1354 1496 eorum
1384 1429 1526 1504 imisue,

453 1547 562 1616 dicent
584 1550 623 1614 iis
646 1559 807 1612 neeurate.
843 1545 972 1629 Quodsi
989 1568 1103 1610 earum
1126 1545 1324 1612 divinatores
1349 1558 1526 1612 secuturo

452 1685 569 1730 eorum
597 1664 732 1727 nomina
758 1664 923 1726 intuentes
952 1663 986 1724 in
1009 1659 1172 1734 dextram,
1207 1681 1276 1724 non
1305 1659 1446 1724 audient
1475 1679 1565 1722 soso

451 1779 616 1842 inurentes
638 1780 674 1842 in
696 1776 795 1840 aliam
820 1775 961 1862 liguram
988 1800 1074 1854 sepe
1101 1775 1244 1860 primam
1272 1795 1393 1838 eorum
1423 1773 1525 1860 dispo·

453 1893 619 1968 titionem,
642 1894 677 1956 in
699 1913 765 1977 qun
788 1891 956 1954 constituit
978 1911 1018 1952 ea
1037 1886 1109 1964 leri,
1132 1885 1228 1962 tretia
1252 1887 1317 1952 alia
1337 1909 1459 1954 eorum
1472 1907 1525 1948 no-

451 2008 541 2070 minu
564 2026 723 2070 conversa
744 2007 780 2067 in
803 2007 981 2080 sinistram,
1010 2015 1044 2066 et
1066 2001 1130 2066 olia
1151 2023 1268 2068 eorum
1290 2006 1433 2068 nomina
1455 2021 1524 2064 eon·

450 2141 548 2184 verse
568 2121 604 2182 in
626 2117 785 2182 dextram
830 2115 875 2180 Et
898 2119 925 2182 si
948 2128 1129 2182 πααλωσιν
1153 2138 1209 2182 eos
1225 2119 1379 2182 conversi
1401 2119 1437 2180 in
1453 2113 1521 2178 dex·

450 2243 553 2306 mam,
581 2227 671 2294 haud
694 2231 853 2314 accipient
873 2233 1047 2294 veritatem
1069 2229 1145 2306 sibi,
1176 2229 1234 2295 sed
1255 2235 1376 2312 (ιλλα)
1399 2233 1435 2294 in
1455 2247 1562 2316 per-ts

451 2341 640 2408 turbatione
668 2341 911 2430 perturbabunt
940 2363 1012 2418 eet,
1052 2356 1085 2408 et
1113 2347 1149 2408 in
1183 2357 1293 2435 ατειλῃ
1318 2357 1522 2418 exstincturus

451 2458 507 2534 iis,
533 2454 624 2520 haud
646 2454 821 2520 scientibus
842 2458 942 2542 igitur
965 2478 1081 2522 eorum
1101 2460 1172 2522 vias
1196 2479 1372 2524 conversas
1396 2460 1431 2522 in
1453 2455 1523 2520 dex·

451 2582 553 2647 mam,
590 2591 771 2654 eorumque
799 2582 867 2634 tres
897 2571 1048 2657 angulos,
1079 2593 1260 2658 eorumque
1292 2586 1439 2658 quatuor
1471 2591 1522 2632 an·

453 2683 563 2770 gulos,
592 2705 773 2769 eorumque
801 2682 922 2771 ligures
952 2707 1075 2750 omnes.
1119 2685 1219 2750 Haud
1246 2689 1415 2752 invenient
1436 2679 1522 2772 quid·

453 2818 554 2882 quam
575 2797 661 2876 veri,
685 2795 742 2862 sed
757 2803 877 2880 (ιλλιι)
898 2799 1180 2888 perturbabuntur
1201 2802 1237 2863 in
1257 2823 1379 2887 magna
1400 2812 1559 2888 perturs

451 2909 596 2990 batione,
626 2925 726 2998 atque
763 2925 860 2978 erunt
888 2915 924 2977 in
951 2935 1072 3000 magns
1099 2926 1215 3004 πλανῃ,
1253 2927 1286 2978 et
1308 2915 1467 2980 errabunt
1491 2911 1522 2972 io

451 3047 572 3114 magno
598 3049 718 3106 errore,
742 3031 900 3113 quonism
922 3026 1077 3104 facinora,
1101 3049 1186 3113 quae
1205 3025 1353 3092 leserunt
1368 3029 1434 3094 hoe
1448 3039 1522 3090 tem·

450 3161 533 3227 pore
555 3143 591 3204 in
613 3144 680 3206 suis
704 3155 847 3228 quatuor
870 3143 996 3228 angellis
1021 3163 1197 3207 conversae
1223 3145 1258 3206 in
1280 3145 1462 3218 sinistram,
1493 3140 1523 3200 in

453 3253 572 3338 quibus
594 3267 845 3342 permanserant
866 3254 1021 3320 facientes
1045 3278 1085 3321 ea
1107 3277 1283 3321 conversae
1303 3260 1338 3321 in
1354 3261 1521 3324 sinistram.

452 3369 580 3430 mutavi
602 3389 704 3444 nune,
743 3381 778 3432 et
797 3366 925 3432 reddidi
955 3391 1009 3434 eas
1039 3389 1097 3434 sex
1125 3392 1268 3436 menses·
1283 3365 1441 3437 fatientes
1468 3383 1558 3432 suas

453 3503 610 3560 τχημιιτι
634 3482 745 3544 omnia
767 3501 941 3546 conversas
963 3484 998 3546 in
1021 3480 1183 3562 dextram,
1213 3497 1253 3549 ut
1272 3485 1520 3572 pertubarentur

352 3575 402 3650 32
453 3587 702 3676 perturbatione
723 3595 758 3656 in
788 3613 849 3657 sua
878 3594 1112 3682 completione,
1144 3611 1244 3684 atque
1274 3601 1373 3664 etiam
1400 3591 1520 3666 reddidi

535 3786 587 3850 15.
617 3789 697 3854 Cave
718 3813 757 3855 ne
778 3791 887 3856 reseras
910 3795 945 3856 ad
969 3797 1093 3858 verbum
1114 3820 1175 3876 ne,
1198 3800 1411 3882 interpretasse
1435 3791 1519 3860 haud

452 3887 595 3969 (licent,
607 3894 748 3972 quoniam
763 3916 825 3977 sqq.
837 3905 940 3975 cens'p
954 3899 1017 3980 plis
1027 3897 1146 3958 ῖυκοοτ
1157 3910 1188 3960 et
1199 3905 1396 3961 censeretis
1407 3914 1517 3979 epoto

451 4003 635 4070 monstrant,
658 3994 794 4057 caelestia
815 3998 935 4057 nomina
956 4009 988 4066 et
1008 3999 1183 4077 perturbare
1203 4012 1234 4061 et
1248 4003 1430 4076 comminari,
1451 3993 1518 4058 insti

453 4092 533 4153 enim
547 4093 578 4154 in
593 4093 661 4156 loco
676 4095 817 4175 parallelo
832 4095 934 4159 habes:
958 4103 1089 4158 censoir
1102 4101 1197 4159 iesse
1210 4123 1257 4160 sn
1270 4101 1361 4162 Este.
1403 4100 1452 4162 17.
1464 4095 1516 4156 vl³⁵

453 4209 610 4254 conversas
632 4195 722 4274 (viam
744 4197 897 4258 conversis
919 4197 970 4273 Ρ.)
1026 4197 1075 4260 18.
1100 4219 1263 4281 eorumque
1290 4214 1321 4263 et
1341 4213 1403 4266 tres
1424 4204 1517 4280 (atque

452 4287 539 4402 etism
562 4309 666 4404 eprum
686 4293 736 4373 P.)
777 4295 828 4356 23.
850 4297 999 4358 sinistram
1019 4298 1097 4376 (edd.
1113 4300 1189 4361 etin
1204 4301 1266 4362 suis
1280 4301 1377 4364 tribus
1397 4294 1517 4384 anguli&

453 4395 485 4448 et
498 4407 530 4447 m
546 4407 607 4451 suis
626 4403 697 4454 octo
711 4393 814 4476 figuris
835 4394 883 4475 P.)
925 4395 977 4457 ¹25.
995 4399 1108 4464 mutavi
1125 4399 1203 4482 (add.
1224 4422 1258 4463 ee
1277 4402 1328 4482 Ρ.)
1370 4401 1421 4466 27.
1442 4413 1516 4462 eom·
