3296 5354
959 431 1004 498 24

445 626 550 681 cesset
578 610 704 678 absolvi
727 607 849 698 αριθμος
866 606 983 700 ψυχων
1001 622 1127 688 emtor,
1167 629 1252 696 quae
1281 608 1466 678 relerentm
1485 616 1517 676 in

443 741 639 815 κληρονομιων
668 723 848 790 altitudinis
881 746 902 789 a
929 749 1098 814 μυστηριῳ,
1130 738 1292 812 eruntque
1320 728 1357 788 in
1387 721 1517 812 θησαυρῳ

443 841 585 906 luminis.
641 837 780 927 Propter
814 840 877 905 hoc
912 841 1011 926 igitur
1045 841 1173 904 mutavi
1203 860 1319 905 eorum
1347 842 1453 915 uam,
1484 853 1519 904 ut

445 952 718 1044 perturbarentur
741 966 789 1030 ct,
813 965 852 1018 ut
874 955 1030 1019 commoti
1060 957 1247 1018 amitterent
1268 954 1350 1029 vim,
1376 965 1518 1039 quaeest

443 1071 479 1133 in
501 1071 560 1160 ύλῃ
589 1089 705 1134 corum
731 1092 864 1155 κοσμου,
896 1089 996 1154 qrram
1023 1067 1149 1131 faciunt
1177 1062 1297 1152 ψυχην,
1334 1079 1375 1130 ut
1404 1087 1548 1154 purga-⁵

444 1195 560 1248 rentur
583 1184 648 1246 cito
677 1194 710 1246 et
739 1181 954 1247 eveherentur
985 1179 1028 1245 ad
1056 1180 1134 1257 bos,
1167 1180 1223 1265 qui
1254 1191 1331 1243 sunt
1362 1179 1517 1256 servandi,

445 1296 509 1384 ipsi
532 1306 565 1359 et
586 1297 635 1360 vis
658 1307 743 1371 tota,
775 1307 809 1360 et
835 1297 884 1360 uti
908 1294 1165 1362 dissolverentur
1195 1295 1259 1358 cito
1288 1293 1339 1370 hi,
1371 1296 1429 1381 qui
1458 1315 1518 1358 non

445 1421 524 1474 sunt
550 1407 709 1474 servandi.

534 1521 672 1588 Factum
694 1543 774 1589 vcro
799 1536 861 1600 est,
893 1545 997 1610 quum
1017 1523 1107 1588 lesus
1132 1535 1290 1588 cessasset
1312 1521 1423 1588 dicere
1445 1521 1518 1587 baec

444 1633 549 1701 verba
571 1639 637 1702 suis
659 1634 817 1721 μωθητιιις,
840 1658 1013 1725 progressa
1032 1637 1148 1714 Maria,
1174 1636 1312 1724 pulchra
1333 1639 1372 1700 in
1396 1659 1455 1701 sua
1474 1635 1518 1700 lo·
1539 1655 1557 1694 a

446 1752 593 1826 cutione,
621 1763 655 1815 ct
676 1776 833 1838 μακαριω,
863 1754 1044 1839 prostravit
1066 1773 1100 1816 sc
1123 1749 1167 1816 ad
1187 1748 1287 1838 pedes
1309 1749 1402 1826 lesu,
1434 1748 1519 1814 dixit:

345 1846 394 1921 34
446 1863 491 1928 Mi
515 1863 661 1942 domine,
685 1892 779 1950 ιιιεχε
800 1886 868 1942 me,
892 1878 931 1929 ut
952 1866 1070 1952 loquar
1086 1887 1198 1931 coram
1216 1877 1264 1940 te,
1288 1885 1374 1930 neve
1389 1867 1520 1928 irascere

445 1979 540 2056 mibi,
565 1978 655 2064 quod
676 2001 814 2067 procreo
837 1979 1023 2043 molestiam
1045 1978 1105 2044 tibi
1130 2000 1225 2068 saepe
1255 1981 1463 2065 interrogans
1483 1990 1519 2041 te.

446 2091 661 2179 Respondens
685 2117 777 2177 σωτηρ
799 2095 835 2155 in
861 2093 1084 2157 misericordia
1107 2091 1188 2157 dixit
1209 2093 1344 2157 Mariae:
1381 2092 1433 2157 dic
1453 2111 1519 2156 ver·

446 2202 541 2278 bum,
566 2203 735 2290 quodvis,
759 2218 793 2269 et
815 2226 874 2291 ego
897 2205 1052 2270 revelabo
1075 2205 1111 2270 id
1133 2206 1192 2270 tibi
1214 2209 1249 2270 in
1271 2205 1440 2294 παρῥησιᾳι
1461 2205 1518 2268 Re·
1539 2225 1558 2265 ιι

447 2315 612 2404 spondens
640 2339 720 2384 vero
750 2315 807 2399 (dr)
835 2317 939 2382 Maria
967 2317 1049 2382 dixit
1074 2318 1162 2384 Iesu:
1196 2321 1241 2384 Mi
1264 2319 1413 2385 domine!
1445 2339 1519 2405 quo·

445 2429 548 2496 modo
579 2427 690 2518 ψυχιιι
724 2443 872 2496 moratae
908 2445 1016 2496 essent
1050 2446 1143 2498 extra
1176 2433 1264 2498 bunc
1299 2433 1436 2498 locum?
1469 2443 1521 2494 aut

449 2566 595 2630 quonam
623 2543 723 2609 modo
754 2544 944 2632 purgabunt
974 2567 1030 2611 eos
1062 2548 1147 2611 cito?
1199 2546 1418 2636 Respondeas
1447 2565 1519 2611 vero

447 2655 506 2740 (ds)
527 2657 618 2722 lesus
642 2657 722 2724 dixit
741 2659 875 2724 Mariae:
900 2686 969 2746 ευγε
991 2659 1106 2724 Maria!
1132 2664 1261 2746 quaeris
1283 2676 1392 2734 καλως
1413 2664 1521 2724 intua

446 2773 703 2858 interrogatione
729 2771 833 2850 bona,
870 2787 904 2838 et
931 2773 1069 2861 praebes
1103 2774 1211 2839 lucem
1240 2774 1339 2839 rebus
1373 2772 1558 2840 omnibusa

447 2883 612 2972 diligentia
629 2900 662 2952 et
676 2887 824 2974 ακριβειᾳ.
864 2886 958 2952 Nune
980 2890 1080 2974 igitur
1101 2887 1192 2953 baud
1215 2887 1326 2953 celabo
1344 2888 1521 2975 quidquam

446 3021 507 3066 vos
530 2998 606 3066 inde
631 3001 672 3067 ab
694 3001 756 3066 hac
777 3001 874 3078 bora,
910 3000 969 3066 sed
998 3007 1115 3086 (atae)
1143 3002 1298 3068 revelabo
1326 3025 1383 3067 res
1415 2979 1520 3068 bmnes
1604 3061 1605 3090 p

446 3112 541 3178 vobis
569 3114 730 3181 industria
761 3128 794 3180 et
822 3117 858 3179 in
887 3115 1045 3206 παρῤησιᾳ.
1097 3115 1184 3182 Audi
1214 3119 1312 3204 igitur
1342 3115 1462 3192 Maria,
1492 3125 1521 3178 ct
1604 3099 1605 3180 l

445 3231 604 3316 percipite
633 3251 751 3294 vocem
778 3251 839 3296 vos
868 3227 1003 3315 μαθηται
1034 3252 1155 3298 omnes.
1200 3229 1391 3317 Antequam
1422 3227 1519 3295 divul-

446 3361 575 3426 gessem
603 3346 757 3406 nuntium
791 3367 936 3428 ωρχιυσιν
973 3343 1125 3409 omnibus
1164 3371 1272 3412 cruror
1308 3357 1342 3408 et
1379 3360 1558 3432 αρχουσινι

447 3453 655 3518 omnibus
631 3479 805 3540 ειμιιρμενης
834 3466 867 3520 et
893 3464 1042 3544 σφαιριις,
1072 3458 1162 3545 ligati
1191 3472 1285 3524 eram
1312 3479 1428 3524 omnes
1457 3458 1519 3521 suis

445 3565 583 3627 vinculis
608 3577 642 3630 et
663 3570 730 3631 suis
753 3576 898 3656 σφωιριιις
926 3572 1058 3656 suisque
1087 3581 1237 3659 σφραγισι
1270 3597 1353 3637 eura
1374 3571 1518 3642 modum,

385 3659 421 3720 ’(
447 3697 513 3763 quo
544 3677 657 3764 ligavit
685 3701 741 3745 eos
769 3679 845 3747 inde
873 3680 914 3746 ab
943 3685 1034 3749 initio
1058 3683 1131 3764 leit,
1154 3711 1311 3757 επιικοπις
1332 3684 1465 3750 luminis
1487 3694 1518 3746 et

445 3794 673 3880 uuusquisque
696 3816 812 3860 eorum
833 3797 1104 3884 permanebatin
1068 3821 1186 3866 rnsua
1200 3797 1284 3889 ταξιι
1306 3812 1408 3886 atque
1422 3817 1518 3863 unus·

448 3909 587 3994 quisquo
621 3907 812 3975 ambulabat
843 3913 878 3975 in
912 3933 972 3977 suo
1004 3910 1114 4000 dpomp
1153 3938 1237 3980 earo
1263 3912 1418 3990 modurn,
1456 3924 1558 3996 quot·

447 4016 610 4109 disposuit
632 4045 688 4089 eos
710 4021 784 4101 leri,
813 4050 969 4096 επισκιπος
991 4025 1131 4091 luminis.
1175 4026 1222 4092 Et
1252 4050 1355 4114 quum
1382 4028 1519 4094 venisset

446 4145 577 4224 tempus
600 4135 725 4224 αριθμιυ
749 4138 987 4218 Melchisedeci,
1017 4142 1127 4228 magni
1150 4154 1406 4230 παρωλημπτορις
1426 4138 1517 4202 lumi·

509 4265 539 4326 2·
551 4287 568 4326 ὃ
578 4291 718 4354 avemque}
732 4270 928 4357 (ιμυοτηριοις
941 4273 990 4352 Ρ.)
1019 4273 1049 4333 9.
1065 4291 1138 4334 vcro
1154 4273 1263 4357 (igitur
1277 4273 1328 4353 P.)
1353 4271 1403 4334 25.
1417 4290 1516 4330 αιωνων

449 4374 481 4426 et
501 4367 604 4446 (atque
626 4368 713 4430 etiam
735 4368 784 4449 Ρ.)
826 4370 876 4431 30.
899 4372 931 4432 in
952 4392 1008 4434 suo
1030 4366 1121 4459 δρομῳ
1143 4373 1234 4454 (κατα
1255 4394 1343 4436 suum
1357 4368 1455 4459 δρομον
1470 4365 1515 4442 Ρ.)
