3254 5340
936 469 1003 541 174

429 661 485 749 (sc.
506 653 629 744 ψυχηι)
653 651 696 718 nd
718 647 854 740 πιρθινιν
875 650 1023 729 luminis,
1054 664 1088 717 et
1108 649 1171 716 hoe
1199 651 1271 740 ipso
1294 653 1408 718 mense
1431 679 1508 739 orop-

429 771 505 840 θινις
525 771 656 835 luminis
679 767 872 854 σφραγιζπω
896 789 971 832 eum
994 763 1142 851 σφραγιδι
1164 779 1367 852 praestante,
1392 779 1426 832 et
1443 767 1508 832 hoe

430 889 501 974 ipso
526 907 636 950 mense
659 883 796 966 παρθινος
817 883 948 946 luminis
971 879 1102 944 inierito
1133 901 1210 944 eum
1239 883 1274 943 in
1301 907 1396 964 σωμιι
1419 880 1507 945 futu·

429 1023 505 1066 rum
528 1000 638 1066 danem
662 1011 695 1063 et
717 996 839 1082 ιιγιιθοι,
870 1008 909 1059 ιιι
929 993 1052 1058 vadens
1078 997 1113 1057 in
1143 993 1350 1058 altitudinem
1371 1007 1505 1074 κληρινι-

428 1141 511 1202 μιᾳ
534 1134 671 1199 regnum
692 1109 834 1174 luminis.
871 1109 960 1174 Hnee
984 1107 1016 1174 dr
1039 1131 1141 1194 quum
1157 1106 1311 1184 dixeritis,
1335 1111 1418 1192 ἀμην
1435 1108 1503 1173 dieo
1534 1133 1544 1171 ι

405 1199 537 1300 nobis,
573 1225 750 1291 σπιυδιισιιν
774 1246 888 1288 omnes
910 1230 1131 1309 ὐτουργουντιις
1156 1223 1191 1286 in
1213 1219 1331 1310 ταξισιν
1356 1221 1505 1287 omnibus

428 1365 546 1422 κρισεων
566 1364 727 1418 αρχοντων,
756 1350 795 1400 ut
823 1335 902 1400 deut
927 1334 1038 1422 ’ψυχην
1065 1335 1155 1400 illam
1185 1335 1245 1400 sibi
1272 1338 1429 1412 invicem,
1459 1335 1507 1408 ἕως

428 1475 534 1540 usque
558 1452 637 1516 dum
661 1450 856 1515 adduxerint
878 1472 952 1514 eam
976 1448 1017 1514 nd
1041 1450 1344 1529 repostos-luminis,
1376 1463 1410 1514 et
1432 1477 1505 1535 up-

430 1567 502 1634 θινοι
517 1565 649 1630 luminis
662 1577 826 1652 σφραγισει
842 1587 915 1629 enm
932 1565 1029 1651 signis
1045 1565 1134 1652 regni
1149 1563 1335 1638 lneffabilis,
1351 1577 1386 1628 et
1400 1563 1507 1629 undet

431 1703 504 1746 eam
527 1683 592 1745 suis
615 1679 895 1762 παραλιιμπτορσιν,
919 1691 952 1742 et
974 1692 1198 1760 παραλημπιιι
1217 1675 1360 1742 inserent
1383 1699 1460 1742 eam
1475 1681 1546 1742 inst

430 1823 525 1878 σωμιι
548 1795 697 1858 futurum
723 1794 841 1868 danuam,
866 1807 898 1856 et
917 1794 1060 1856 inveniet
1077 1817 1227 1875 μυστηριιι
1249 1791 1391 1866 luminis,
1415 1807 1456 1856 ut
1470 1797 1508 1857 sit

431 1910 546 1996 ωγαθη,
575 1921 613 1972 ιιι
634 1907 758 1972 vadens
787 1909 821 1970 in
844 1904 1048 1998 altitudinem
1071 1919 1273 1996 κληρονομησῃ
1295 1929 1438 1992 regnum
1461 1907 1508 1970 lu·

429 2027 535 2089 minis.
574 2023 667 2098 Eece,
690 2022 758 2102 hoo
777 2034 835 2097 est,
858 2020 948 2106 quod
967 2023 1173 2106 interrogatis
1192 2023 1254 2083 me.
1292 2019 1507 2106 Respondent

429 2137 532 2202 Maria
555 2137 650 2202 dixit:
679 2157 766 2200 nuno
789 2137 902 2221 igitur,
929 2136 974 2196 mi
998 2132 1142 2209 domine,
1169 2131 1259 2198 haud
1281 2132 1403 2197 duxisti
1429 2161 1508 2208 μυσ-
1603 2195 1604 2220 1

314 2247 388 2324 277
427 2277 511 2330 τηριω
533 2254 567 2313 in
590 2276 711 2330 κοσμοι,
734 2262 773 2312 ιιι
793 2249 894 2312 homo
910 2246 999 2311 haud
1015 2261 1203 2311 moveretur
1221 2260 1328 2311 morte
1345 2246 1547 2313 destinates

429 2367 458 2430 ei
481 2361 523 2428 ab
548 2389 692 2442 ιιρχιυσιν
711 2361 897 2443 timpum
920 2384 996 2425 nam
1021 2365 1047 2426 si
1064 2361 1260 2426 destinatum
1283 2360 1385 2426 suerit
1401 2363 1508 2440 alictii,

429 2492 468 2543 ut
489 2491 674 2542 moreretur
702 2474 824 2563 gladio,
854 2489 913 2540 aut
940 2489 1125 2542 moreretur
1155 2478 1248 2562 equis
1276 2488 1334 2540 eut
1361 2477 1508 2548 floreius

430 2606 463 2657 et
485 2593 685 2669 βασανισμοιι
708 2603 741 2656 et
763 2592 910 2672 ὑβρισεσιν
935 2612 1019 2676 quae
1042 2591 1077 2654 in
1099 2615 1204 2671 νιμοις,
1231 2603 1289 2653 aut
1312 2589 1376 2654 alia
1399 2605 1508 2656 morte
1603 2599 1604 2664 Ξ

427 2705 528 2780 mala,
563 2703 653 2768 haud
681 2703 802 2768 duxisti
828 2729 976 2788 μυστηριι
1005 2705 1040 2768 in
1066 2730 1190 2787 κισμον,
1220 2716 1258 2768 ut
1286 2703 1387 2768 homo
1417 2705 1509 2770 haud
1603 2691 1604 2742 3

426 2832 611 2883 moreretur
633 2821 671 2881 iis
694 2841 754 2906 per
777 2843 928 2900 ιρχιντως
946 2816 1130 2898 :tuumne
1155 2831 1244 2884 ιιλλιι
1267 2831 1305 2882 ut
1320 2834 1509 2885 moreretur
1528 2840 1550 2880 ι

427 2945 536 2998 morte
558 2935 741 3020 repentina,
771 2947 872 2996 utne
895 2934 1074 3020 susciperet
1095 2931 1181 2997 ullos
1205 2931 1334 2996 dolores
1364 2954 1426 3020 per
1449 2935 1507 2998 has

427 3047 502 3112 talis
526 3051 640 3111 mortis
665 3049 797 3133 species,
823 3061 998 3133 propterea
1021 3045 1112 3132 quod
1134 3073 1195 3132 γαρ
1218 3045 1372 3131 permulti
1396 3069 1506 3134 perse·
1603 3079 1604 3086 ι

428 3174 574 3247 quuntur
606 3183 668 3225 nos
695 3171 831 3249 propter
860 3173 893 3225 te
925 3173 959 3226 et
987 3159 1082 3224 multi
1113 3158 1248 3226 ὃιωκιυσι
1277 3182 1338 3225 nos
1369 3175 1507 3250 propter

426 3288 523 3340 tuum
546 3296 682 3352 nomen,
713 3288 765 3350 ut,
796 3275 1033 3352 sidunensium
1062 3297 1137 3352 nos,
1168 3275 1314 3338 dieamus
1337 3301 1505 3358 μυστιριιι,

426 3403 465 3452 ιιι
487 3411 640 3453 exeamus
665 3411 682 3452 e
706 3414 825 3467 σωμιτι
847 3389 932 3454 illico
956 3388 1046 3453 houd
1075 3391 1286 3477 suscipientes
1313 3388 1422 3454 ullum
1448 3389 1505 3454 do·
1526 3411 1547 3450 s

425 3499 539 3564 iorem.
589 3502 802 3589 Respondens
831 3529 924 3580 σωτηρ
953 3502 1035 3566 dixit
1062 3505 1127 3568 suis
1157 3504 1306 3583 μαθιτωις
1336 3504 1505 3569 omnihus:

427 3610 467 3676 de
490 3613 553 3676 hoo
577 3635 741 3691 sermone,
772 3637 870 3700 quem
893 3619 1100 3704 interrogatis
1123 3639 1192 3692 me,
1225 3617 1291 3682 dixi
1320 3617 1417 3684 vobis
1441 3619 1505 3684 ulio
1603 3665 1604 3674 ι

423 3737 583 3813 tempore,
608 3728 679 3792 αλλ’
698 3727 809 3792 audite
830 3731 965 3806 iterum,
990 3730 1096 3796 dicam
1118 3730 1152 3795 id
1175 3729 1268 3796 vobis
1292 3731 1396 3797 ultera
1418 3737 1504 3798 viee:

425 3867 458 3908 ov
483 3868 571 3928 μονον
600 3863 677 3920 vos,
711 3843 783 3911 αλλ’
808 3843 908 3909 homo
945 3849 1083 3933 quis'que
1107 3844 1323 3933 perfecturus
1358 3849 1506 3936 primum

507 4013 557 4077 14.
581 4018 712 4094 domine,
734 4017 808 4079 haud
831 4020 974 4096 (domine,
995 4020 1132 4102 profecto
1146 4021 1222 4082 hond
1244 4023 1293 4098 P.)
1355 4021 1406 4082 15.
1429 4047 1505 4090 μυσ-

422 4119 895 4204 mpeoe(uorrr,piovipsum?1’.)
961 4121 1011 4180 18.
1038 4115 1187 4206 idipso-ssu
1213 4123 1258 4200 (in
1281 4133 1365 4182 textu
1389 4123 1506 4207 legitur

421 4217 582 4296 pipicus,
615 4219 696 4299 qnod
722 4220 831 4281 vitiose
859 4221 1002 4302 scriptum
1023 4221 1143 4282 ridetur
1167 4243 1223 4303 pro
1248 4223 1379 4305 gripte,
1411 4235 1445 4283 et
1474 4223 1504 4282 in

421 4315 560 4376 versione
581 4316 721 4380 similiter
741 4313 890 4404 ὕβριστο-ιν
904 4343 960 4404 pro
980 4315 1101 4409 dssperw
1121 4321 1169 4402 Ρ.)
1186 4345 1189 4354 ¹
1226 4323 1276 4384 19.
1297 4333 1397 4385 morte
1415 4323 1504 4400 mla,

421 4415 534 4494 (morte
554 4415 643 4490 mols,
664 4417 803 4498 proiecto
824 4419 875 4500 P.)
