3254 5340
624 483 688 558 141

118 695 339 760 τροπνιυμοτον,
374 688 460 754 quac
488 680 565 734 sunt
589 671 703 757 viginti
732 682 876 756 quatuor
902 695 1078 758 χωρῆμοτο
1106 676 1195 740 tertii

117 811 340 871 τροπννυμοοτου,
365 795 399 847 ct
422 796 623 868 quapropter
645 784 785 868 προῆλθεν
808 807 848 849 cx
871 809 1033 870 ιοποοτορωνς
1058 799 1091 850 ct
1112 814 1193 868 μυσ-

118 926 208 985 τῆρνον
235 897 318 962 illud
346 900 526 983 cognoscit,
561 911 762 982 quapropter
789 911 955 964 οκυλλουπν
984 923 1017 964 se
1049 904 1192 987 quinque

119 1013 250 1078 arbores
280 1014 378 1100 primi
413 1036 629 1095 τρνπνουμοτου
667 1025 700 1074 et
734 1025 936 1099 quapropter
971 1018 1193 1079 emanaverint

80 1149 93 1187 ο
120 1141 240 1192 stantes
265 1138 341 1212 post
364 1147 398 1189 sc
423 1126 563 1189 invicem
591 1136 690 1209 atquc
719 1127 817 1188 etiam
848 1126 987 1212 illigatae
1015 1130 1050 1190 in
1078 1150 1112 1192 se
1142 1132 1191 1192 in·

117 1246 221 1307 vicem
245 1261 386 1326 suasque
408 1237 507 1325 τοξεος
536 1259 664 1313 omnes,
696 1250 729 1301 et
757 1252 960 1326 quapropter
988 1241 1128 1322 προῆλθον
1151 1265 1192 1308 ex

119 1377 289 1437 οποπορωος
319 1366 352 1417 et
373 1377 530 1437 μυοτῆριον
552 1350 632 1415 illud
661 1355 841 1438 cognoscit,
870 1368 1071 1442 quapropter
1094 1369 1191 1424 σκυλ-

119 1480 207 1535 λουοι
230 1489 263 1531 se
292 1467 434 1552 quinque
464 1465 599 1531 arbores
628 1466 761 1530 secundi
789 1493 1022 1550 τριπννυμοιτου,
1050 1482 1083 1532 et
1111 1493 1191 1555 qua-

118 1594 254 1670 propter
276 1579 414 1665 προῆλθον
437 1602 477 1645 ex
500 1603 658 1663 ονποτοροννς
682 1593 715 1644 et
736 1606 890 1660 μυοτῆριον
912 1581 993 1646 illud
1017 1587 1191 1670 cognoscit,

68 1717 94 1758 ιο
120 1708 319 1784 quapropter
348 1707 517 1760 οκυλλουοο
547 1715 580 1758 se
611 1696 755 1780 quinque
783 1693 918 1760 arbores
947 1698 1034 1759 tertii
1061 1724 1190 1780 τρνπνευ·

115 1837 229 1898 μοιτου,
259 1821 292 1874 et
315 1822 516 1896 quapropter
539 1808 678 1890 προῆλθον
706 1830 745 1873 ex
774 1832 943 1892 οιποοτορων;
973 1821 1006 1873 ct
1034 1837 1191 1892 μυοτῆρνον

114 1924 195 1989 illud
218 1926 392 2011 cognoscit,
416 1935 619 2010 quapropter
633 1935 802 1989 ονουλλουον
825 1946 859 1988 se
874 1950 1078 2008 προοοχωρῆτοο
1093 1928 1191 2013 primi

115 2037 339 2126 τρνπνευμοτού,
363 2049 397 2101 ct
419 2050 620 2124 quapropter
642 2037 782 2120 προῆλθον
799 2059 838 2103 cx
861 2062 1029 2120 ονποτορωνς
1054 2054 1087 2103 ct
1107 2067 1190 2124 μυο-

117 2178 208 2235 τῆροον
230 2150 312 2216 illud
334 2154 508 2237 cognoscit,
532 2165 734 2238 quapropter
749 2167 918 2219 οκυλλουσο
935 2175 968 2217 sc
985 2180 1190 2238 προαχωρῆτοο

65 2289 93 2330 ιο
120 2264 252 2331 secundi
273 2290 488 2350 πρνπνευμοιτου
512 2278 544 2329 ct
567 2280 769 2352 quapropter
790 2266 930 2350 προῆλθον
958 2289 998 2332 ex
1020 2294 1190 2354 οιποτοροννς
1229 2262 1303 2334 9⁸24

118 2393 151 2446 et
170 2407 328 2466 ρουοτῆριον
350 2378 432 2443 illud
456 2383 629 2466 cognoscit,
654 2394 854 2468 quapropter
870 2396 1039 2448 σκυλλουπν
1063 2406 1096 2448 se
1120 2411 1190 2466 προ·

116 2521 264 2581 οχωρῆτον
289 2515 403 2558 omnes
427 2496 515 2558 tertii
537 2520 751 2579 τρνπνευριοιτου
777 2507 810 2559 et
826 2510 1026 2583 quapropter
1048 2513 1142 2579 προῆλ
1161 2526 1189 2563 ον

115 2633 156 2676 ex
171 2632 335 2692 οποτορωῆ
360 2622 393 2673 et
406 2634 563 2694 μυοτῆροοο
579 2606 660 2674 illud
680 2612 853 2696 cognoscit,
877 2625 1077 2698 quapropter
1093 2625 1189 2678 οκυλ·

115 2737 163 2790 λιι
187 2726 367 2811 septimus
390 2722 699 2806 τρνπνουμοοτοςὶηᾶο
722 2746 741 2787 a
765 2737 859 2809 parte
885 2725 1046 2802 inferiori,
1076 2726 1109 2790 hi
1133 2730 1190 2813 qui

61 2861 89 2902 πο
115 2841 282 2926 pertinent
304 2837 347 2902 ad
368 2833 465 2925 τοξενς
487 2839 585 2901 unius
609 2836 819 2922 eiusdemque
838 2835 1027 2914 ineffabilis,
1052 2854 1084 2904 et
1108 2864 1188 2926 qua-

112 2966 252 3041 propter
274 2950 413 3036 προῆλθον
437 2973 454 3015 e
477 2950 619 3016 secundo
643 2975 858 3036 τρνπνευμοοτῳς
883 2963 916 3014 et
937 2978 1093 3034 μυστῆροοο
1108 2954 1190 3020 illud

113 3069 289 3154 cognoscit,
313 3079 515 3153 quapropter
537 3080 665 3132 οκυλλεν
690 3087 724 3128 se
746 3067 862 3129 tertius
883 3091 1108 3148 τρνπνευμοιτοε,
1132 3065 1189 3151 qui

111 3186 182 3270 ipse
207 3195 257 3246 est
278 3184 404 3269 primus
428 3207 639 3262 τριπνευμοιτος
662 3178 737 3244 inde
765 3178 806 3244 ab
830 3179 1014 3255 altitudine,
1045 3192 1078 3244 et
1107 3202 1187 3265 qua-

111 3309 250 3383 propter
273 3296 411 3377 προῆλθεν
435 3317 452 3359 e
477 3294 671 3360 duodecimo
695 3321 972 3380 προτρνπνευμοτορ,
1002 3298 1058 3380 qui
1081 3297 1114 3358 in
1137 3295 1188 3358 ul·

58 3431 86 3472 ²³
114 3413 197 3472 timo
227 3436 308 3497 τοπῳ
332 3433 504 3493 cremon
536 3422 569 3474 et
597 3436 754 3490 μυοτῆρνοο
783 3408 863 3473 illud
894 3413 1075 3495 cognoscit,
1108 3432 1188 3495 qua·

111 3537 250 3612 propter
273 3527 456 3588 emanarint
470 3551 551 3589 τοποι
567 3547 691 3598 omnes,
715 3526 770 3610 qui
788 3527 821 3587 in
836 3551 996 3606 χωρῆμοιτν
1012 3523 1187 3591 ineffabilis

111 3653 211 3727 atque
236 3643 335 3704 ctiam
359 3641 500 3725 quaein
530 3640 568 3702 iis
599 3642 722 3714 omnia,
757 3651 790 3703 ct
818 3654 1019 3727 quapropter
1048 3641 1188 3724 προῆλθον

26 3819 31 3834 ,
111 3777 153 3818 ex
181 3753 297 3818 ultimo
326 3766 415 3838 μολει
443 3751 634 3832 Ineffabilis3
669 3766 702 3819 ct
727 3779 884 3838 μυστῆρνον
911 3754 992 3818 illud
1023 3756 1189 3839 cognoscit

112 3887 148 3930 se
177 3869 300 3952 ipsum,
336 3879 536 3954 quapropter
564 3881 691 3934 οκυλλει
720 3880 759 3930 ut
789 3867 913 3956 προελθῆ
948 3889 988 3930 ex
1018 3863 1187 3940 ineffabili,

53 4000 84 4040 so
112 3981 172 4066 qui
193 3983 265 4067 ipso
288 4005 377 4066 ορχεν
408 4004 506 4068 super
536 4003 592 4046 eos
624 4003 754 4056 omncs,
792 3983 915 4066 etipse
949 3977 1098 4065 profudit
1129 3999 1185 4042 eos

196 4135 225 4196 3.
246 4145 401 4196 σκυλλουπν
424 4143 558 4216 (επκυλον
580 4137 629 4210 Ρ.)
672 4135 700 4196 8.
722 4145 879 4194 σκυὶλουπο
899 4139 1031 4212 (seauton
1047 4134 1092 4211 Ρ.)
1137 4135 1185 4195 10.

107 4246 267 4297 σκυλλουσν
289 4243 423 4314 (επκυλον
444 4241 491 4315 Ρ.)
534 4239 583 4298 12.
604 4246 762 4296 οκυλλοοον
784 4242 918 4314 (επκυλον
932 4237 982 4314 Ρ.)
1025 4232 1074 4296 14.
1097 4245 1188 4295 σκολ-

106 4347 191 4398 >mm
214 4342 348 4416 (επκνλον
369 4339 420 4416 Ρ.)
479 4339 527 4400 16.
556 4348 712 4398 oxomense
734 4340 868 4416 (επκυλον
889 4338 937 4415 Ρ.)
993 4337 1043 4397 19.
1070 4345 1186 4396 πκολλον

106 4440 228 4518 (consto
241 4438 292 4516 P.)
334 4438 386 4500 22.
404 4448 521 4500 σκνλλεν
536 4440 654 4519 (cencio
667 4439 717 4520 P.)
758 4437 809 4500 29.
824 4447 942 4500 σκολλοο
957 4441 1074 4520 (οσκνλε
1089 4459 1121 4500 sc
1135 4438 1186 4516 P.)
