3296 5354
140 663 233 710 meos
256 639 357 732 pedes
381 663 422 708 ex
443 641 574 728 laqueo.
618 638 749 708 Intuere
774 645 810 708 in
835 664 905 718 me,
936 643 1119 710 miserearis
1141 646 1217 721 mei,

141 756 233 846 quod
256 780 316 845 ego
339 755 426 821 lilius
450 758 584 833 -unicus;
621 777 694 820 sum
721 777 848 844 pauper
876 779 946 845 ego.
992 756 1124 847 Θλιψικ
1152 761 1218 823 mei

140 872 248 938 cordis
273 871 401 959 amplae
424 883 510 934 sunt
554 869 627 934 Duc
649 891 703 936 me
733 893 750 936 e
778 874 871 940 erreis⁸
888 897 1053 960 αναγκαιςς
1086 872 1218 960 adspice

140 1007 251 1052 meam
273 984 535 1069 humiliationem
558 994 591 1048 et
612 1005 722 1050 meam
742 1007 950 1065 aerumnam3
972 990 1120 1052 remittas
1143 1007 1218 1052 mea

99 1127 114 1165 s
141 1113 277 1190 peccata
299 1100 425 1176 onmia3
459 1095 536 1163 vide
557 1118 649 1163 meos
671 1101 834 1176 inimicos,
868 1099 961 1186 quod
983 1115 1060 1166 sunt
1083 1100 1218 1178 dilatati,

142 1227 176 1306 et
199 1213 341 1280 oderunt
362 1232 416 1276 me
444 1210 521 1276 odio
544 1214 675 1276 iniusto.
722 1213 859 1279 Custodi
884 1235 994 1279 meam
1015 1211 1125 1302 ψυχην
1149 1235 1216 1279 scr·

141 1350 199 1396 ves
222 1349 285 1392 me.
314 1326 363 1392 Ne
385 1325 437 1390 iac
458 1325 587 1413 pudore
608 1324 740 1402 afficiar,
764 1327 853 1413 quod
875 1329 987 1417 ιλπιζω
1000 1329 1036 1392 in
1057 1341 1100 1393 te.
1131 1327 1217 1392 sim·
1267 1321 1317 1396 82

142 1442 242 1530 plices
265 1453 299 1504 et
319 1442 399 1506 recti
422 1438 644 1504 adhaerebant
665 1440 759 1517 mibi,
796 1441 887 1528 quod
908 1446 1055 1528 ύπιμιινα
1075 1455 1124 1519 te,
1156 1439 1216 1507 dc·

144 1558 241 1619 ruine.
279 1554 391 1632 „Deus
413 1551 538 1619 redime
560 1552 712 1618 Israelem
736 1576 776 1620 ex
799 1559 867 1620 eius
884 1555 1021 1645 θλιψεσιν
1037 1555 1215 1622 omnibus.”

87 1695 115 1737 ro
145 1670 259 1752 Quum
285 1667 375 1733 lesus
404 1665 437 1734 ds
465 1665 610 1732 audisset
638 1667 740 1733 verba
762 1667 925 1747 Thomas,
956 1670 1038 1735 dixit
1066 1673 1110 1736 ci:
1146 1695 1218 1758 ευγι

142 1783 274 1851 Thomu
302 1795 335 1848 ct
361 1795 473 1852 καλως.
523 1781 612 1846 Haec
641 1795 690 1846 est
720 1783 841 1848 solutio
872 1787 1027 1872 septimae
1057 1809 1218 1869 peccasses

140 1925 264 1970 πιστεως
282 1905 404 1985 coptus.
451 1923 540 1979 αμην,
565 1921 645 1980 opens
661 1895 733 1962 dico
749 1896 858 1963 vobis:
881 1923 1084 1984 necopinum
1099 1920 1160 1965 vos
1182 1902 1217 1963 in

142 2027 231 2078 terra
259 2037 372 2097 pusca,
389 2031 502 2075 omnes
523 2035 667 2096 κοσμου,
703 2010 794 2097 quod
825 2012 971 2078 revelavi
1003 2013 1084 2078 haec
1112 2013 1216 2089 vobis,

145 2139 246 2213 atque
269 2127 435 2213 accepistis
465 2146 506 2189 ex
532 2146 608 2189 meo
631 2150 790 2210 πνευματι,
815 2139 849 2190 et
875 2108 994 2192 redditi
1025 2131 1101 2192 estis
1132 2153 1218 2214 coepas

89 2266 117 2307 re
146 2255 180 2306 ct
202 2265 394 2323 πνιυματικοι
414 2265 548 2315 occurret,
573 2261 657 2325 quac
679 2238 761 2304 dicu.
806 2239 852 2305 Et
872 2254 951 2328 post
971 2241 1052 2307 hacc
1073 2241 1217 2329 implebo

144 2377 204 2420 vos
228 2354 349 2418 lumine
372 2367 444 2418 toto
469 2366 503 2418 et
523 2355 557 2417 vi
579 2367 652 2418 tota
674 2379 858 2439 πνευματος,
896 2369 936 2421 ut
963 2383 1042 2432 νοητι
1069 2356 1144 2421 inde
1175 2355 1217 2420 ah

142 2471 205 2537 hoc
227 2483 387 2555 tempore,
412 2489 496 2553 quae
519 2467 627 2532 dicent
647 2467 742 2533 vobis
766 2472 876 2537 omnia
900 2483 934 2534 ct
952 2493 1037 2557 quac
1055 2470 1217 2535 videbitis.

142 2593 196 2652 Ετι
225 2587 325 2649 etiam
352 2603 496 2670 parmen
523 2595 654 2669 tempus
689 2595 753 2663 est3
788 2585 907 2670 loquar
928 2585 1108 2663 vobiscum,
1133 2605 1218 2671 quae

144 2701 199 2786 (sc.
227 2695 404 2786 pertinent)
441 2695 482 2760 ad
519 2695 724 2762 altitudinem
759 2701 870 2763 omnia
902 2700 977 2765 inde
1012 2699 1053 2764 ab
1083 2712 1217 2765 emerno

90 2837 119 2878 ss
144 2833 250 2900 usque
272 2811 314 2876 ad
325 2813 500 2903 internum
522 2823 555 2874 et
567 2808 643 2875 inde
659 2811 700 2874 ab
715 2815 844 2878 interno
859 2833 965 2898 usque
980 2814 1022 2878 ad
1038 2828 1217 2879 externum.

233 2925 374 3012 Pergens
398 2923 505 2988 adhuc
527 2923 617 2988 lesus
640 2926 674 2987 in
697 2945 847 2990 sermone
870 2925 951 2990 dixit
974 2930 1039 2991 suis
1054 2926 1218 3013 μιθητωιςε

146 3040 309 3118 „Factum
335 3041 434 3126 igitur
464 3051 529 3115 est,
565 3059 668 3124 quum
698 3036 831 3104 dixisset
860 3042 1032 3125 septimam
1061 3064 1219 3126 perornes

145 3157 180 3218 in
204 3153 285 3218 chao
313 3178 409 3222 τιστις
431 3160 544 3240 eopse,
576 3164 609 3216 et
634 3149 783 3217 nondum
809 3165 944 3224 κιλευσις
970 3155 1112 3219 venisset
1139 3151 1219 3216 mihi

147 3291 167 3332 a
190 3271 296 3355 primo
319 3293 479 3354 μυστηριῳ,
502 3279 541 3331 ut
562 3265 736 3332 liberarem
758 3288 841 3345 eam,
863 3281 902 3332 ut
917 3289 1048 3333 sursum
1067 3266 1217 3332 ducerem
1270 3262 1318 3335 83
1356 3269 1384 3330 ³<

92 3407 119 3449 as
147 3404 221 3466 eam
243 3385 277 3446 in
300 3383 396 3460 chao,
425 3395 516 3448 ahto
539 3403 599 3468 ego
622 3403 697 3446 mea
723 3385 826 3470 ipsius
854 3396 969 3470 sponte
991 3403 1071 3471 prae
1093 3384 1218 3446 miseri·

146 3497 257 3562 cordia
286 3501 356 3562 sine
378 3511 512 3563 κελευσει
543 3496 708 3562 duxissem
738 3519 811 3562 eam
837 3501 871 3561 in
899 3498 1009 3563 locum
1038 3488 1240 3586 spatiosum'

144 3613 317 3701 paululum
348 3615 383 3676 in
409 3611 506 3688 chao,
538 3623 572 3682 et
595 3633 698 3697 quum
721 3626 916 3700 cognossent
944 3613 1095 3702 προβολαι
1113 3617 1220 3680 claim

145 3726 293 3799 uoluisse
317 3725 450 3792 ductam
475 3747 548 3790 eam
571 3747 641 3790 csse
663 3729 697 3790 in
719 3725 830 3792 locum
851 3732 1033 3816 spatiosum
1047 3729 1220 3816 paululum

145 3843 181 3904 in
211 3841 308 3916 chao,
343 3853 512 3905 cessarunt
546 3839 690 3925 affligere
721 3863 794 3906 eam
822 3843 996 3930 paululum
1039 3845 1219 3930 opinantes,

94 3979 122 4022 ac
150 3973 224 4016 earn
254 3950 390 4018 ductum
419 3958 459 4020 iri
489 3977 620 4039 sursum
650 3957 684 4019 in
719 3956 800 4019 chao
832 3960 974 4020 omnino.
1033 3955 1092 4017 His
1122 3955 1221 4038 igitur

148 4065 252 4143 factis,
275 4067 439 4132 nesciebat
459 4077 681 4157 asssumpta,
704 4091 757 4133 me
779 4068 891 4146 βοηθειν
914 4067 983 4146 sibi,
1005 4087 1112 4152 neque
1129 4062 1220 4154 (ecda)

147 4194 289 4248 noverat
310 4203 363 4248 me
387 4178 534 4261 omnino,
563 4197 653 4252 αλλα
675 4183 870 4270 persistebat
895 4186 1028 4270 ὑμνευιιν
1042 4181 1157 4247 lumini
1173 4178 1220 4256 θη·

231 4415 278 4477 17.
294 4420 434 4483 videbitis
448 4420 607 4501 (videbunt
621 4420 669 4500 Ρ.)
706 4419 757 4479 21.
774 4419 834 4481 suis
848 4417 996 4492 μαθηταις
1007 4419 1079 4500 (del.
1096 4420 1156 4482 suis
1171 4419 1221 4498 P.)
