3254 5340
915 438 960 504 90

400 643 436 688 se
464 622 612 696 invicem,
642 629 701 682 aut
725 630 887 684 venerunt
910 616 1064 682 ducentes
1094 619 1300 694 seinvicem,
1331 629 1365 683 et
1384 616 1476 682 baud

400 746 580 823 potuerunt
602 732 708 798 lacere
732 731 911 817 quidquam
933 731 1010 795 mali
1036 756 1132 798 πιστιι
1159 739 1271 820 codsa,
1298 745 1477 818 propterea

402 847 492 934 quod
508 846 662 910 credebat
680 845 805 921 lumini,
829 859 928 930 atque
943 849 1229 930 permamanet
1244 848 1357 932 patris,
1378 847 1477 933 primi

401 987 579 1047 μυστκρωυ,
603 961 862 1046 introspicientis,
893 979 952 1044 ego
982 981 1113 1044 quoque
1137 957 1289 1023 descendi
1310 962 1345 1022 in
1368 959 1477 1034 cbaos,

291 1072 363 1144 1th
403 1079 542 1140 existens
569 1074 681 1138 lumen
710 1095 809 1158 quam
837 1075 993 1148 maxime,
1023 1071 1097 1137 dedi
1124 1075 1285 1159 impetum
1312 1093 1421 1135 meum
1444 1075 1480 1134 in
1517 1097 1529 1136 s

402 1191 470 1252 vim
494 1209 568 1250 eum
592 1186 674 1250 facie
697 1186 809 1262 leonis,
833 1208 917 1271 quae
941 1199 1013 1249 erat
1033 1185 1144 1250 lumen
1167 1189 1318 1260 maxime,
1346 1199 1380 1250 et
1402 1185 1478 1249 abs·

402 1301 463 1364 tuli
485 1300 598 1363 lumen
620 1303 688 1364 eius
712 1313 829 1376 totum,
854 1298 944 1385 quod
966 1303 1001 1362 in
1024 1323 1071 1374 ea,
1095 1313 1129 1363 et
1151 1326 1293 1381 κατειχον
1311 1299 1480 1380 προβολαις

405 1436 517 1478 curnes
541 1413 696 1486 audadcve,
719 1425 758 1476 ut
779 1435 820 1477 ne
842 1415 991 1476 venirent
1005 1416 1039 1476 in
1055 1437 1152 1478 suum
1166 1438 1253 1478 reare
1267 1411 1342 1476 inde
1357 1410 1399 1474 ab
1414 1412 1478 1475 boc

403 1541 563 1613 tempore,
588 1529 643 1611 qui
667 1525 811 1590 decimus
833 1531 949 1590 tertius
973 1554 1056 1604 seua,
1087 1541 1121 1590 et
1143 1525 1262 1590 abstuli
1287 1529 1370 1601 vim,
1393 1546 1480 1610 quac

403 1644 438 1704 in
465 1641 629 1726 apodemus
659 1639 810 1704 omnibus
840 1639 999 1717 astetens,
1028 1653 1062 1705 et
1091 1639 1275 1704 ceciderunt
1303 1661 1416 1703 omnes
1444 1643 1480 1702 in
1507 1665 1532 1706 re

406 1757 501 1831 chao,
529 1759 741 1842 impotentes,
771 1767 804 1818 et
832 1753 929 1818 eduxi
957 1780 1053 1820 τιστιν
1078 1764 1205 1839 cedaar,
1226 1767 1413 1818 versantem
1438 1751 1482 1816 ad

407 1868 556 1933 dextram
580 1869 738 1933 Gabrielis
763 1881 796 1932 et
818 1868 994 1944 Michaelis,
1023 1881 1056 1932 et
1078 1890 1197 1954 magna
1220 1871 1361 1954 ωποῤῥοισ.
1382 1867 1481 1929 lumi-

406 1986 456 2046 nis
479 1987 623 2069 ingressa
647 2005 779 2069 quoque
803 1985 908 2046 estin
931 2003 1000 2058 cas,
1029 1995 1063 2045 et
1085 1981 1306 2068 contemplata
1330 1993 1379 2044 est
1401 2002 1481 2044 suos

406 2099 553 2160 inimicos
577 2121 672 2164 τιστις
692 2106 799 2182 rodae,
823 2093 913 2179 quod
936 2095 1056 2160 abstuli
1077 2098 1145 2159 vim
1168 2117 1262 2158 suam
1284 2094 1414 2158 luminis
1438 2093 1481 2156 ab

405 2211 459 2282 iis,
488 2222 521 2270 et
549 2208 645 2272 eduxi
673 2233 767 2274 πιστιν
793 2216 905 2293 cedaar
936 2208 1074 2285 echao,
1108 2208 1353 2272 conculcantem
1381 2229 1482 2294 super
1510 2233 1534 2272 u

406 2321 555 2405 προβολην
579 2319 727 2390 audericus
755 2341 831 2384 cum
860 2320 941 2384 facie
965 2325 1133 2408 serpentis,
1159 2336 1257 2407 atque
1280 2325 1380 2386 etiam
1403 2342 1481 2385 con·

408 2433 558 2497 culcabat
580 2434 728 2518 προβολην
751 2454 827 2496 cum
850 2433 931 2498 facie
959 2435 1100 2500 basilisci
1129 2429 1301 2522 serpentis,
1333 2438 1384 2499 cui
1407 2456 1481 2521 sep-

407 2562 475 2612 tem
499 2561 592 2612 erant
615 2551 737 2634 capita,
768 2561 801 2611 et
829 2548 1042 2612 conculcabat
1069 2552 1138 2613 vim
1165 2571 1241 2613 cum
1268 2549 1349 2612 facie
1377 2549 1482 2612 leonis

408 2675 537 2725 etcum
561 2660 643 2725 facie
667 2663 829 2746 dccxcvscc.
874 2663 950 2726 Feci
974 2689 1069 2728 πιστιν
1092 2673 1205 2749 cedaar
1231 2683 1364 2728 manere
1392 2676 1481 2726 stan·

407 2789 474 2838 tem
498 2798 596 2862 super
618 2776 767 2856 προβολην
788 2775 950 2854 audadcvc,
973 2799 1058 2863 quae
1080 2777 1180 2842 habet
1202 2778 1318 2840 faciem
1340 2775 1481 2839 basilisci
1511 2803 1536 2843 ι

408 2893 580 2976 serpentis,
610 2893 662 2953 cui
692 2904 769 2955 sunt
791 2905 915 2978 septem
939 2894 1060 2978 capita,
1087 2894 1152 2955 ista
1177 2913 1257 2954 vero
1287 2903 1338 2954 est
1362 2889 1482 2953 fortior

408 3005 447 3066 iis
471 3003 623 3068 omnibus
646 3007 680 3068 in
703 3008 769 3069 suis
792 3005 901 3082 malis3
926 3019 1024 3090 atque
1048 3027 1122 3092 ego,
1144 3007 1288 3092 primum
1314 3029 1481 3088 μυπηριον,

410 3121 485 3182 steti
508 3141 607 3205 super
630 3141 711 3194 eam,
743 3131 776 3184 et
799 3117 918 3182 abstcdi
941 3139 1053 3184 omnes
1076 3122 1171 3194 vires,
1196 3121 1337 3204 quaein
1360 3139 1408 3192 ea,
1431 3130 1480 3180 at·

410 3253 473 3316 que
498 3233 624 3318 perdidi
647 3235 715 3296 eius
739 3235 814 3304 ύλην
841 3255 987 3308 omnem,
1014 3247 1116 3298 utne
1139 3259 1262 3315 σπερμι
1285 3255 1325 3296 ex
1347 3254 1387 3295 ea
1409 3253 1482 3296 sur-

300 3345 367 3418 141
410 3358 500 3430 geret
521 3346 596 3408 inde
620 3344 661 3408 ab
685 3345 746 3409 hoc
769 3359 927 3433 tempore.
972 3347 1061 3411 Haec
1077 3347 1108 3412 dr
1124 3369 1226 3432 quum
1240 3349 1384 3433 primum
1397 3368 1482 3430 μω.
1510 3371 1537 3412 ,
1622 3359 1623 3438 }

409 3483 501 3536 τκριον.
534 3456 667 3521 dixisset
697 3457 857 3538 neaerae,
894 3459 1088 3524 exclamavit
1115 3460 1238 3524 dicens:
1270 3463 1369 3534 vaccis,
1398 3480 1482 3543 quo·

409 3567 510 3630 modo
540 3569 711 3632 vobiscum
737 3571 875 3655 loquar?
904 3571 1099 3658 Progressus
1126 3572 1280 3638 laccobus
1313 3573 1407 3636 dixit:
1436 3575 1483 3636 mi

410 3678 551 3754 domine,
575 3680 615 3744 de
639 3682 800 3747 solutione
823 3687 922 3770 igitur
939 3686 1126 3764 verborum,
1152 3709 1235 3773 quae
1258 3687 1375 3762 dixisti,
1399 3711 1483 3770 capc-

411 3803 555 3881 φητευσεν
587 3795 664 3860 olim
693 3810 751 3860 tua
779 3801 828 3862 vis
850 3798 981 3864 luminis
1009 3823 1069 3888 per
1091 3801 1250 3866 Davidem
1277 3805 1312 3864 in
1340 3823 1483 3886 nonage-

412 3911 494 3974 simo
509 3909 655 3975 Psalmo:
680 3911 858 3988 „Habitans
882 3914 942 3978 sub
960 3915 1078 4003 dandene
1102 3917 1218 3979 excelsi
1242 3919 1303 3980 erit
1325 3915 1385 3979 sub
1408 3936 1482 3977 um·
1509 3939 1537 3980 a·

411 4023 471 4088 bra
488 4024 538 4089 dei
555 4027 650 4100 caeli;
669 4026 755 4091 dicet
770 4027 912 4105 domino,
936 4042 975 4092 tu
997 4032 1112 4116 recipis
1136 4052 1189 4094 me
1213 4029 1253 4094 ad
1277 4043 1320 4104 te,
1343 4042 1376 4092 et
1389 4027 1482 4092 locus

411 4159 504 4204 meus
527 4140 645 4226 refugii
669 4140 748 4206 deus
771 4164 874 4220 meus,
898 4146 948 4207 cui
972 4143 1110 4222 conlido,
1138 4143 1228 4230 quod
1250 4147 1310 4209 iste
1332 4141 1485 4208 liberabit

495 4380 524 4438 1.
546 4395 695 4443 venerunt
715 4384 793 4464 (add.
816 4386 963 4462 „omnes”
984 4387 1034 4464 P.)
1090 4387 1141 4448 21.
1163 4407 1237 4449 vero
1258 4381 1328 4465 (ds).
