3254 5340
662 444 725 514 151

152 641 353 722 praestante,
376 647 462 713 quae
478 638 528 692 eet
542 625 636 692 haec:
661 623 788 692 curabit
800 639 879 693 'eum
893 626 1135 694 immittendum
1151 649 1232 716 quo-

153 747 202 810 vis
225 765 353 819 mense,
378 763 444 827 quo
468 743 559 805 venit
582 763 600 806 e
622 765 743 825 σωμιτι
761 743 850 819 dans,
872 744 907 806 in
929 769 1036 828 σωμιι,
1060 742 1150 828 quod
1173 746 1234 808 erit

154 857 275 934 denatae,
303 860 516 920 inventurum
541 852 744 919 divinitatem
771 855 911 929 ιιληθειιις
940 870 973 921 et
1000 883 1155 942 μυστηριιν
1178 880 1233 922 ex·

156 972 286 1047 celsum,
309 983 349 1034 ut
370 983 574 1058 κληρονομησῃ
598 990 637 1032 ea
660 982 694 1033 et
715 981 917 1060 κληρονομησῃ
937 969 1050 1034 lumen
1069 969 1234 1058 usquead

14 1173 15 1178 γ
111 1111 126 1149 ι
158 1098 344 1160 aeternum
376 1105 459 1168 quae
489 1081 568 1146 haec
599 1094 649 1146 est
676 1080 769 1167 dapes
797 1083 931 1148 secundi
952 1110 1113 1170 μυστηριου
1136 1086 1234 1172 primi

154 1224 315 1285 μυστηριιυ
344 1194 530 1261 Ineffabilis.
582 1196 733 1260 Tertium
767 1219 899 1284 quoque
930 1223 1086 1284 μυστιριιν
1114 1196 1233 1262 Ineffa-

155 1311 238 1386 bilis,
260 1312 361 1376 homo
376 1338 432 1394 μεν
454 1309 660 1398 perfecturus
682 1336 837 1396 μυστηριιν
860 1309 950 1386 illud,
975 1337 1006 1376 ου
1026 1337 1114 1395 μονον
1130 1333 1234 1396 quum

156 1428 285 1490 venerit
300 1447 316 1488 e
331 1451 459 1507 rupert,
482 1438 691 1509 utaperiamus
707 1447 843 1510 regnum
857 1423 1002 1500 luminis,
1024 1438 1114 1490 αλλιι
1130 1445 1234 1511 quum

157 1541 395 1626 perpetraverit
415 1564 579 1622 parmper,
610 1551 648 1601 ut
673 1537 820 1625 perficiat
842 1537 930 1601 istud
954 1559 1029 1602 cum
1056 1540 1122 1603 suis
1152 1564 1232 1620 σχη-
1271 1537 1346 1610 240

14 1633 19 1642 ³
103 1679 131 1720 rc
156 1679 254 1736 μασιν
278 1651 438 1728 omnibus,
466 1651 556 1737 quod
580 1665 631 1716 est
651 1652 728 1716 hoc:
760 1673 862 1736 quum
884 1650 998 1716 fecerit
1018 1676 1172 1738 μυστηριιν
1194 1651 1233 1714 il-

154 1765 229 1842 lud,
257 1779 296 1830 ut
318 1765 465 1852 perficiat
490 1765 579 1830 istud
607 1780 725 1842 καλως,
761 1779 794 1830 et
822 1791 952 1855 aropaq
974 1791 1129 1850 μυπηριιν
1151 1763 1234 1830 illud

156 1902 255 1968 super
278 1879 443 1944 hominem
468 1883 651 1944 venientem
679 1902 857 1961 οσωμιιτι,
891 1881 948 1965 qui
977 1881 1130 1965 cognovit
1150 1905 1232 1963 μυσ·

154 2021 246 2078 raptor
275 1992 370 2069 illud,
404 1994 456 2057 hic
492 1997 560 2058 sive
590 2006 738 2058 moratus
769 2006 833 2070 est,
871 1995 938 2056 sive
967 1990 1057 2084 haud
1085 2005 1233 2057 moratus

158 2121 218 2183 est,
240 2120 391 2172 versatur
412 2109 446 2169 in
468 2121 592 2173 κολασει
617 2107 700 2172 dura
728 2133 878 2191 αρχοντων
906 2120 1005 2192 atque
1035 2127 1150 2170 eorum
1171 2131 1232 2190 κρι-
1267 2123 1292 2166 ⁸.

21 2299 23 2304 ι
106 2247 132 2288 ιι
160 2247 225 2286 cera
249 2220 338 2284 duris
361 2242 539 2308 eorumque
563 2221 736 2286 ardoribus
757 2225 911 2286 variis-
932 2218 1100 2304 ἁμηνᾶἰοο
1123 2219 1232 2285 vobis:

157 2335 325 2400 hominem
347 2333 453 2411 illum,
484 2358 585 2420 quum
607 2339 734 2400 venerit
761 2359 779 2401 e
801 2362 936 2422 σωματι,
965 2333 1097 2422 quando
1122 2361 1232 2418 orepa-

155 2476 245 2516 σωσιν
267 2448 330 2512 hoc
352 2475 508 2531 μυστηριιν
532 2448 572 2514 de
596 2473 645 2526 eo,
668 2449 887 2516 σπουδασιυσιν
904 2473 1039 2534 taxetur,
1066 2461 1105 2512 ut
1125 2460 1232 2512 trans·

156 2562 266 2628 serant
289 2585 372 2640 eum,
395 2576 434 2626 ut
457 2563 590 2627 tradant
613 2587 687 2628 eum
712 2563 772 2628 sibi
787 2567 936 2640 invicem,
959 2560 1010 2632 ἕως
1029 2559 1233 2647 usquedum

158 2675 354 2741 adduxerint
377 2699 452 2741 eum
468 2679 597 2762 παρθενῳ
612 2677 753 2754 luminis,
777 2691 810 2743 et
831 2677 966 2762 παρθενις
983 2676 1113 2740 luminis
1129 2683 1232 2762 rppe-
1281 2727 1283 2732 -

17 2876 21 2896 Ι
105 2815 133 2856 ιι
160 2816 237 2876 parea
260 2810 336 2854 cum
359 2788 504 2874 appa-fleis
527 2805 728 2879 praestante,
757 2813 840 2876 quae
864 2804 914 2856 est
934 2790 1029 2854 haec:
1059 2803 1092 2854 et
1115 2791 1231 2874 quovis

158 2925 271 2968 mense
296 2903 422 2967 curabit
444 2927 520 2969 eum
541 2904 785 2970 immittendum
806 2907 839 2968 in
863 2929 955 2985 σωμιι
973 2900 1093 2978 deaceae,
1119 2905 1232 2967 iuven·

157 3030 272 3082 turum
295 3017 497 3083 divinitatem
513 3019 655 3093 αληθειιις
677 3033 710 3083 et
731 3045 887 3100 μυστιριιν
901 3028 1080 3103 praestans,
1102 3026 1142 3077 ut
1157 3028 1232 3088 κλη-

155 3157 300 3224 paveam
323 3155 461 3219 regnum
483 3132 625 3197 luminis.
662 3133 751 3198 Haec
773 3135 872 3218 igitur
895 3157 942 3196 ουν
966 3141 1016 3193 est
1038 3128 1130 3208 depae
1146 3129 1234 3192 tertii

157 3271 317 3331 μυστιριιυ
339 3245 524 3310 ineffabilis.
555 3246 648 3312 Nunc
671 3249 769 3332 igitur
794 3248 1018 3332 uuusquisque
1041 3253 1232 3329 accepturus

14 3339 20 3380 ¹
106 3385 133 3426 as
161 3381 201 3423 ex
225 3362 367 3445 quinque
389 3387 555 3441 μυστηριιις
576 3358 764 3436 Ineffabilis‚
791 3382 893 3445 quum
915 3359 1042 3422 venerit
1064 3379 1081 3420 e
1104 3380 1234 3438 σωματι,

159 3486 197 3538 ut
212 3487 414 3564 κληρονομησῃ
430 3497 535 3561 usque
551 3474 694 3540 adram
708 3501 867 3557 μυστηριιυ
881 3473 966 3538 illius
982 3486 1081 3558 atque
1095 3491 1234 3559 regnum

158 3591 303 3675 quinque
325 3613 491 3674 μυστηριων
513 3587 660 3665 illorum,
688 3602 835 3677 praestat
864 3611 963 3676 quam
988 3609 1128 3674 regnum
1150 3585 1233 3651 duo·

158 3699 457 3784 dissimilare-raptus
486 3705 583 3789 primi
615 3730 789 3782 μυστηριιυ,
826 3716 925 3790 atque
958 3716 1105 3790 praestat
1134 3721 1234 3788 quam

160 3840 317 3898 perrepere
340 3815 489 3901 quodvis,
513 3817 603 3902 quod
627 3831 676 3882 est
696 3818 782 3882 infra
804 3839 857 3892 ea3
881 3830 971 3880 ιλλα
989 3819 1131 3900 quinque
1151 3838 1233 3895 μυσ-
1271 3805 1344 3878 241

109 3951 136 3992 sc
162 3953 246 4007 τκριιι
267 3927 323 3991 illa
344 3927 518 3995 Ineffabilis
542 3933 691 4018 aequalia
713 3943 790 3995 sunt
817 3951 928 3993 secum
956 3929 1095 3990 invicem
1115 3927 1151 3986 in
1173 3945 1233 3988 suo

161 4063 278 4129 regno,
307 4055 396 4108 αλλιι
425 4044 514 4110 haud
544 4043 694 4130 aequalia
723 4055 801 4107 sunt
830 4062 905 4104 cum
934 4038 1038 4102 tribus
1067 4061 1237 4121 μυστιριιις

162 4154 349 4223 ineffabilis.
392 4157 562 4248 decipiens
586 4179 719 4247 quoque
746 4177 765 4224 e
793 4154 898 4221 trihus
924 4177 1093 4243 μυστηριοις
1116 4149 1235 4219 Ineffa·

241 4393 272 4456 e.
293 4393 416 4458 tanat.
437 4397 602 4482 arnapa
624 4394 674 4474 r.)
724 4389 776 4456 ιι.
797 4401 887 4474 aaut
906 4389 983 4474 <aaa
1005 4389 1093 4454 etum
1112 4389 1163 4469 r.)
