3254 5340
923 467 991 536 tta

418 655 481 721 crit
508 671 646 740 mugnus
674 647 785 716 radius
814 648 944 714 luminis
974 669 1034 736 per
1061 658 1323 732 ταριλημπτορας
1350 669 1500 730 spirarent,

417 781 450 834 et
473 780 697 850 παραλημττωι
719 763 765 827 illi
786 760 950 826 timebunt
970 761 1084 825 lumen
1097 758 1210 846 dmm
1227 759 1328 836 illius,
1351 774 1386 824 et
1399 756 1499 846 ψυχη

418 881 475 946 illa
496 879 597 944 vadet
617 882 652 943 in
675 875 895 952 altitudinem,
929 888 968 938 ut
993 887 1141 938 transeat
1171 898 1277 941 τοπους
1305 895 1420 939 omncs
1447 899 1500 954 ap-

418 1019 533 1080 χοντων
556 1005 590 1057 et
616 1016 723 1061 τοπους
746 1011 858 1054 omnes
882 989 1037 1072 προβολων
1059 988 1206 1064 luminis,
1235 1001 1269 1052 et
1293 986 1383 1051 haud
1408 985 1502 1050 dabit

419 1115 578 1194 αποφισιν
597 1102 661 1170 rud’
674 1116 843 1189 ωπολογιαν
863 1100 930 1168 cudi
948 1101 1126 1183 συμβουλον
1148 1105 1183 1164 in
1206 1101 1273 1165 ullo
1297 1127 1379 1186 τοπῳ
1400 1099 1500 1163 iumi-
1534 1123 1546 1161 t

418 1222 478 1296 nis,
503 1215 567 1283 ουδ’
589 1219 625 1280 in
654 1216 722 1280 ullo
745 1242 827 1302 τοπῳ
846 1241 1007 1298 emanue,
1037 1227 1130 1280 αλλω
1153 1199 1313 1301 pervadet
1338 1217 1374 1276 in
1401 1239 1502 1282 ramat

420 1330 581 1406 omnibus,
605 1342 638 1394 et
659 1327 916 1415 transgredietur
940 1349 996 1392 eos
1021 1349 1144 1403 omnes,
1167 1340 1206 1390 ut
1226 1330 1360 1393 veniens
1384 1339 1500 1412 regnet

419 1465 518 1532 cuper
539 1467 646 1512 τοπους
669 1447 782 1507 cinnes
805 1445 902 1527 primi
917 1467 1050 1524 σωτηρος.
1079 1444 1211 1523 'Onerat
1232 1443 1330 1504 etiarn
1346 1455 1499 1524 acceptu·

418 1580 476 1624 rus
508 1554 688 1621 secundum
720 1581 875 1640 μυεηριον
909 1557 1006 1640 primi
1035 1580 1197 1638 μυστηριου
1233 1566 1266 1617 ct
1300 1556 1436 1618 tertium
1468 1567 1501 1617 et

422 1685 587 1757 quartum,
609 1667 662 1740 iat
682 1691 788 1756 usque
809 1668 888 1733 dum
911 1672 1071 1752 acceperit
1087 1666 1317 1731 duodecimum
1340 1694 1500 1750 μυστηριω
1526 1693 1549 1732 n
1594 1717 1595 1724 ,

420 1787 518 1872 primi
539 1809 716 1870 μυστηριου,
731 1821 768 1832 -
795 1781 927 1869 quando
957 1784 1018 1846 erit
1044 1795 1207 1869 tempore,
1237 1803 1304 1866 quo
1329 1780 1503 1846 discedunt

1594 2549 1595 2604 i

1594 2643 1595 2672 i

422 1921 441 1964 c
463 1924 583 1980 carpturi
602 1901 678 1972 ύλης
698 1923 858 1980 αρχοντων,
881 1899 1018 1960 veniunt
1039 1913 1291 1980 παρειλημπτορες
1311 1921 1439 1978 apuam,
1463 1908 1503 1958 ut

390 2081 391 2084 Ἴ
422 2010 545 2076 ducant
573 2007 684 2098 dum
718 1999 857 2074 hoininis
888 2009 973 2073 illius
1006 2031 1024 2073 c
1054 2033 1174 2090 σωμιτι
1200 2012 1291 2085 dam
1327 2022 1360 2072 et
1386 2007 1502 2094 ψυχιι

421 2123 496 2188 illae
518 2123 598 2188 fient
620 2145 758 2208 magnus
780 2123 892 2186 radius
916 2122 1047 2186 luminis
1069 2143 1129 2208 pcr
1157 2136 1419 2206 παρειλημπτοραις
1445 2149 1501 2202 rpr-

421 2261 531 2312 mnu,
560 2248 593 2298 et
614 2250 839 2314 παρωλημπτιι
866 2236 912 2299 illi
940 2234 1102 2299 timebunt
1128 2235 1240 2299 lumen
1262 2233 1373 2322 dvm
1401 2234 1501 2312 illius,
1529 2261 1550 2301 u

422 2361 457 2414 et
486 2344 788 2422 consternabantur,
818 2361 857 2410 ut
888 2347 1006 2411 cadant
1036 2369 1134 2435 super
1170 2371 1263 2413 suam
1298 2349 1432 2425 faciem3
1470 2362 1504 2413 et

420 2459 533 2550 darxut
555 2460 630 2525 illae
651 2459 812 2524 volabunt
836 2464 872 2524 in
900 2461 1106 2526 altitudinem
1133 2462 1235 2538 illico,
1269 2476 1307 2528 ut
1335 2476 1503 2548 transgre-

422 2574 554 2640 diantur
575 2598 681 2642 τοπους
705 2595 817 2637 omncs
841 2601 993 2659 αρχοντων
1016 2588 1050 2640 ct
1075 2593 1181 2644 reatu<
1209 2598 1322 2641 omnes
1345 2576 1503 2652 προβολων
1594 2609 1595 2620 ’

421 2683 568 2763 lumiuiS,
597 2699 631 2751 et
657 2684 747 2752 haud
771 2685 897 2751 dabunt
923 2698 1082 2773 αποφασιν
1103 2687 1165 2754 cud'
1179 2704 1347 2773 ωπολογιαν
1369 2692 1404 2752 in
1431 2689 1503 2752 ullu

421 2825 504 2886 τοπῳ
524 2797 591 2865 tude
607 2799 794 2879 συμβουλον,
810 2815 901 2866 antu
916 2801 1068 2866 transibit
1088 2828 1194 2871 carnut
1214 2825 1327 2867 omncs
1344 2817 1377 2866 et
1392 2815 1502 2866 trans·
1527 2827 1549 2868 1

422 2912 611 3002 gredientur
634 2935 690 2978 eor
714 2935 828 2979 omnes
855 2917 959 2990 intur,
991 2928 1024 2980 et
1051 2914 1235 3002 regnabunt
1265 2937 1363 3003 super
1393 2943 1504 2987 τοπους
1594 2927 1595 2936 ’

423 3049 537 3094 omnes
561 3026 734 3092 duodecim
748 3009 888 3108 σωτηρων,
912 3031 986 3093 ὥστε
1008 3032 1199 3113 accipientes
1223 3028 1403 3094 secundum
1418 3057 1503 3109 μυσ-

420 3165 511 3228 τηριον
532 3143 628 3225 primi
649 3166 809 3225 μυστηριου
831 3155 968 3227 regnent
990 3164 1087 3226 super
1110 3168 1217 3209 τοπους
1232 3165 1344 3208 omnes
1366 3141 1503 3207 secundi
1594 3197 1595 3214 2

421 3279 546 3337 campet
567 3257 603 3317 in
625 3265 830 3339 κληρονομιοιις
852 3253 993 3319 luminis.
1030 3259 1162 3336 Ὀμοιως
1184 3259 1283 3320 ctiam
1306 3259 1503 3340 accipientes

421 3369 557 3432 tertium
579 3392 735 3450 μυοτηριον
757 3369 854 3453 primi
876 3393 1036 3448 μυστηριου
1060 3382 1093 3433 et
1114 3382 1269 3455 quartum
1292 3382 1324 3433 et
1347 3372 1503 3454 quintum
1526 3395 1548 3434 ι

423 3491 457 3542 et
479 3490 608 3543 sextum
624 3476 675 3548 ἕως
697 3500 800 3563 usque
816 3479 858 3543 ad
874 3479 1113 3557 duodecimum,
1137 3486 1362 3568 unusquisque
1383 3505 1501 3568 regna·

421 3587 472 3652 bit
493 3609 592 3672 super
614 3615 720 3659 τοπους
747 3612 861 3655 omnes
888 3618 1026 3678 σωτηρος,
1062 3597 1152 3660 cuius
1179 3623 1336 3676 μυστηριον
1359 3600 1501 3680 accepit3

423 3703 535 3787 etqui
559 3704 718 3788 acceperit
741 3700 971 3770 duodecimum
999 3735 1155 3791 μυπηριον
1178 3708 1267 3796 apud
1296 3729 1329 3772 se
1359 3711 1501 3773 invicem

421 3817 520 3901 primi
541 3841 712 3902 μυστήριον,
748 3816 838 3903 quod
867 3831 917 3882 cst
939 3820 1071 3889 aviam
1088 3847 1255 3906 (cumpton,
1285 3820 1325 3885 de
1349 3843 1417 3907 quo
1441 3844 1501 3886 vo-

309 3916 384 3992 236
422 3927 549 3996 hiscum
574 3929 703 4016 loquar,
740 3943 773 3995 et
800 3933 855 4017 qui
884 3937 1044 4020 acceperit
1071 3961 1119 4000 ουν
1148 3933 1322 3999 duodecim
1349 3959 1503 4016 μυστηριι
1527 3961 1550 4000 ar
1594 3935 1595 3938 ’

422 4041 493 4122 ilia,
526 4065 611 4132 quae
634 4047 797 4130 pertinent
818 4043 862 4111 ad
885 4049 1030 4131 primum
1049 4073 1223 4135 μυστηριον,
1247 4069 1351 4135 quum
1371 4052 1504 4114 venerit

423 4371 450 4449 β
506 4280 537 4342 5.
554 4283 606 4441 l>in
627 4295 711 4348 textu
738 4287 857 4369 coptico
882 4309 1002 4372 temper
1028 4289 1143 4376 iegitur
1167 4283 1317 4364 συμβολσν
1341 4309 1398 4374 pro
1425 4315 1503 4366 συμ-

451 4389 534 4442 ουλον
580 4423 589 4440 .
