<?xml version="1.0" encoding="UTF-8"?>
<!DOCTYPE html PUBLIC "-//W3C//DTD XHTML 1.0 Transitional//EN"
    "http://www.w3.org/TR/xhtml1/DTD/xhtml1-transitional.dtd">
<html xmlns="http://www.w3.org/1999/xhtml" xml:lang="en" lang="en">
 <head>
  <title>
</title>
<meta http-equiv="Content-Type" content="text/html;charset=utf-8" />
  <meta name='ocr-system' content='tesseract 3.04.00' />
  <meta name='ocr-capabilities' content='ocr_page ocr_carea ocr_par ocr_line ocrx_word'/>
</head>
<body>
  <div class='ocr_page' id='page_1' title='image "./pistissophiaopu00petegoog_0584.png"; bbox 0 0 3254 5340; ppageno 0'>
   <div class='ocr_carea' id='block_1_1' title="bbox 640 471 707 544">
    <p class='ocr_par' dir='ltr' id='par_1_1' title="bbox 640 471 707 544">
     <span class='ocr_line' id='line_1_1' title="bbox 640 471 707 544; baseline 0.03 -2"><span class='ocrx_word' id='word_1_1' title='bbox 640 471 707 544; x_wconf 83' lang='lat'>153</span> 
     </span>
    </p>
   </div>
   <div class='ocr_carea' id='block_1_2' title="bbox 0 653 1325 2791">
    <p class='ocr_par' dir='ltr' id='par_1_2' title="bbox 131 653 1213 1084">
     <span class='ocr_line' id='line_1_2' title="bbox 133 653 1213 747; baseline 0 -23"><span class='ocrx_word' id='word_1_2' title='bbox 133 659 203 724; x_wconf 81' lang='lat' dir='ltr'>sine</span> <span class='ocrx_word' id='word_1_3' title='bbox 232 653 401 741; x_wconf 77' lang='grc' dir='ltr'><strong>συμβολειι</strong></span> <span class='ocrx_word' id='word_1_4' title='bbox 424 655 465 718; x_wconf 84' lang='lat' dir='ltr'>-in</span> <span class='ocrx_word' id='word_1_5' title='bbox 493 679 600 742; x_wconf 75' lang='grc' dir='ltr'><strong><em>κοσμῳ</em></strong></span> <span class='ocrx_word' id='word_1_6' title='bbox 629 653 695 720; x_wconf 84' lang='lat' dir='ltr'>illo.</span> <span class='ocrx_word' id='word_1_7' title='bbox 750 653 842 722; x_wconf 81' lang='lat' dir='ltr'>Istud</span> <span class='ocrx_word' id='word_1_8' title='bbox 871 669 921 724; x_wconf 87' lang='lat' dir='ltr'>est</span> <span class='ocrx_word' id='word_1_9' title='bbox 948 681 1084 744; x_wconf 73' lang='grc' dir='ltr'><strong>χωρημσ.</strong></span> <span class='ocrx_word' id='word_1_10' title='bbox 1114 659 1213 747; x_wconf 86' lang='lat' dir='ltr'>primi</span> 
     </span>
     <span class='ocr_line' id='line_1_3' title="bbox 132 768 1211 858; baseline 0 -20"><span class='ocrx_word' id='word_1_11' title='bbox 132 797 302 856; x_wconf 70' lang='grc' dir='ltr'>μυστηριου.</span> <span class='ocrx_word' id='word_1_12' title='bbox 352 769 398 835; x_wconf 88' lang='grc' dir='ltr'>Ει</span> <span class='ocrx_word' id='word_1_13' title='bbox 420 769 454 832; x_wconf 93' lang='lat' dir='ltr'>hi</span> <span class='ocrx_word' id='word_1_14' title='bbox 478 771 535 854; x_wconf 88' lang='lat' dir='ltr'>qui</span> <span class='ocrx_word' id='word_1_15' title='bbox 558 768 745 856; x_wconf 84' lang='lat' dir='ltr'>(pertinent)</span> <span class='ocrx_word' id='word_1_16' title='bbox 769 770 812 835; x_wconf 90' lang='lat' dir='ltr'>ad</span> <span class='ocrx_word' id='word_1_17' title='bbox 834 774 969 836; x_wconf 86' lang='lat' dir='ltr'>tertium</span> <span class='ocrx_word' id='word_1_18' title='bbox 991 794 1122 858; x_wconf 89' lang='lat' dir='ltr'>quoque</span> <span class='ocrx_word' id='word_1_19' title='bbox 1144 799 1211 854; x_wconf 79' lang='grc' dir='ltr'>χω·</span> 
     </span>
     <span class='ocr_line' id='line_1_4' title="bbox 131 882 1212 973; baseline 0.001 -23"><span class='ocrx_word' id='word_1_20' title='bbox 131 911 226 972; x_wconf 69' lang='lat' dir='ltr'>papa,</span> <span class='ocrx_word' id='word_1_21' title='bbox 251 882 342 970; x_wconf 88' lang='lat' dir='ltr'>quod</span> <span class='ocrx_word' id='word_1_22' title='bbox 363 885 467 970; x_wconf 87' lang='lat' dir='ltr'>partis</span> <span class='ocrx_word' id='word_1_23' title='bbox 491 895 541 946; x_wconf 90' lang='lat' dir='ltr'>est</span> <span class='ocrx_word' id='word_1_24' title='bbox 564 896 725 959; x_wconf 82' lang='lat' dir='ltr'>externae,</span> <span class='ocrx_word' id='word_1_25' title='bbox 750 884 840 970; x_wconf 90' lang='lat' dir='ltr'>quod</span> <span class='ocrx_word' id='word_1_26' title='bbox 855 888 962 973; x_wconf 92' lang='lat' dir='ltr'>ipsum</span> <span class='ocrx_word' id='word_1_27' title='bbox 979 889 1114 950; x_wconf 89' lang='lat' dir='ltr'>tertium</span> <span class='ocrx_word' id='word_1_28' title='bbox 1130 908 1212 971; x_wconf 84' lang='lat' dir='ltr'>quo·</span> 
     </span>
     <span class='ocr_line' id='line_1_5' title="bbox 135 994 1212 1084; baseline 0.003 -22"><span class='ocrx_word' id='word_1_29' title='bbox 135 1021 199 1084; x_wconf 92' lang='lat' dir='ltr'>que</span> <span class='ocrx_word' id='word_1_30' title='bbox 221 1025 357 1082; x_wconf 69' lang='grc' dir='ltr'>χωρημα</span> <span class='ocrx_word' id='word_1_31' title='bbox 381 1008 432 1061; x_wconf 77' lang='grc' dir='ltr'>εει</span> <span class='ocrx_word' id='word_1_32' title='bbox 452 995 529 1060; x_wconf 90' lang='lat' dir='ltr'>inde</span> <span class='ocrx_word' id='word_1_33' title='bbox 551 994 593 1059; x_wconf 89' lang='lat' dir='ltr'>ab</span> <span class='ocrx_word' id='word_1_34' title='bbox 610 1010 755 1072; x_wconf 87' lang='lat' dir='ltr'>externo,</span> <span class='ocrx_word' id='word_1_35' title='bbox 781 1011 858 1062; x_wconf 90' lang='lat' dir='ltr'>sunt</span> <span class='ocrx_word' id='word_1_36' title='bbox 879 1001 962 1064; x_wconf 86' lang='lat' dir='ltr'>varii</span> <span class='ocrx_word' id='word_1_37' title='bbox 985 1025 1066 1065; x_wconf 70' lang='lat' dir='ltr'>aanor</span> <span class='ocrx_word' id='word_1_38' title='bbox 1088 1001 1122 1064; x_wconf 89' lang='lat' dir='ltr'>in</span> <span class='ocrx_word' id='word_1_39' title='bbox 1144 1027 1212 1080; x_wconf 84' lang='grc' dir='ltr'>χω-</span> 
     </span>
    </p>

    <p class='ocr_par' dir='ltr' id='par_1_3' title="bbox 91 1089 1325 1653">
     <span class='ocr_line' id='line_1_6' title="bbox 91 1089 1325 1198; baseline 0.003 -22"><span class='ocrx_word' id='word_1_40' title='bbox 91 1136 107 1176; x_wconf 78' lang='lat' dir='ltr'>s</span> <span class='ocrx_word' id='word_1_41' title='bbox 132 1137 244 1198; x_wconf 68' lang='grc' dir='ltr'>ρημιτι</span> <span class='ocrx_word' id='word_1_42' title='bbox 266 1089 337 1188; x_wconf 69' lang='lat' dir='ltr'>ille,</span> <span class='ocrx_word' id='word_1_43' title='bbox 368 1113 418 1176; x_wconf 86' lang='lat' dir='ltr'>sui</span> <span class='ocrx_word' id='word_1_44' title='bbox 448 1124 673 1196; x_wconf 67' lang='grc' dir='ltr'>παρειλημπτειι</span> <span class='ocrx_word' id='word_1_45' title='bbox 705 1123 738 1174; x_wconf 83' lang='lat' dir='ltr'>et</span> <span class='ocrx_word' id='word_1_46' title='bbox 767 1133 845 1176; x_wconf 82' lang='lat' dir='ltr'>suae</span> <span class='ocrx_word' id='word_1_47' title='bbox 869 1123 1042 1198; x_wconf 69' lang='grc' dir='ltr'><strong>αποφεισιις</strong></span> <span class='ocrx_word' id='word_1_48' title='bbox 1072 1126 1105 1177; x_wconf 83' lang='lat' dir='ltr'>et</span> <span class='ocrx_word' id='word_1_49' title='bbox 1134 1135 1212 1179; x_wconf 82' lang='lat' dir='ltr'>suae</span> <span class='ocrx_word' id='word_1_50' title='bbox 1250 1106 1325 1180; x_wconf 68' lang='lat'>2⁴13</span> 
     </span>
     <span class='ocr_line' id='line_1_7' title="bbox 135 1223 1211 1314; baseline -0.002 -22"><span class='ocrx_word' id='word_1_51' title='bbox 135 1238 300 1308; x_wconf 70' lang='grc' dir='ltr'><strong>επελογιει</strong></span> <span class='ocrx_word' id='word_1_52' title='bbox 317 1238 366 1290; x_wconf 82' lang='lat' dir='ltr'>et</span> <span class='ocrx_word' id='word_1_53' title='bbox 393 1247 452 1290; x_wconf 89' lang='lat' dir='ltr'>sua</span> <span class='ocrx_word' id='word_1_54' title='bbox 481 1223 648 1303; x_wconf 74' lang='grc' dir='ltr'>συμβολε,</span> <span class='ocrx_word' id='word_1_55' title='bbox 679 1245 764 1310; x_wconf 88' lang='lat' dir='ltr'>quae</span> <span class='ocrx_word' id='word_1_56' title='bbox 794 1224 900 1290; x_wconf 90' lang='lat' dir='ltr'>dicam</span> <span class='ocrx_word' id='word_1_57' title='bbox 931 1225 1023 1290; x_wconf 88' lang='lat' dir='ltr'>vobis</span> <span class='ocrx_word' id='word_1_58' title='bbox 1053 1239 1211 1314; x_wconf 86' lang='lat' dir='ltr'>tempore,</span> 
     </span>
     <span class='ocr_line' id='line_1_8' title="bbox 136 1337 1212 1426; baseline 0.003 -24"><span class='ocrx_word' id='word_1_59' title='bbox 136 1362 203 1426; x_wconf 91' lang='lat' dir='ltr'>quo</span> <span class='ocrx_word' id='word_1_60' title='bbox 233 1338 338 1403; x_wconf 90' lang='lat' dir='ltr'>dicam</span> <span class='ocrx_word' id='word_1_61' title='bbox 366 1337 461 1404; x_wconf 87' lang='lat' dir='ltr'>vobis</span> <span class='ocrx_word' id='word_1_62' title='bbox 488 1363 645 1423; x_wconf 70' lang='grc' dir='ltr'><strong>μυστιριεν</strong></span> <span class='ocrx_word' id='word_1_63' title='bbox 667 1337 764 1414; x_wconf 88' lang='lat' dir='ltr'>illud,</span> <span class='ocrx_word' id='word_1_64' title='bbox 783 1357 784 1361; x_wconf 70' lang='grc'>’</span> <span class='ocrx_word' id='word_1_65' title='bbox 801 1338 892 1424; x_wconf 90' lang='lat' dir='ltr'>quod</span> <span class='ocrx_word' id='word_1_66' title='bbox 918 1339 981 1404; x_wconf 89' lang='lat' dir='ltr'>hoc</span> <span class='ocrx_word' id='word_1_67' title='bbox 1011 1354 1073 1404; x_wconf 87' lang='lat' dir='ltr'>est:</span> <span class='ocrx_word' id='word_1_68' title='bbox 1108 1362 1212 1426; x_wconf 91' lang='lat' dir='ltr'>quum</span> 
     </span>
     <span class='ocr_line' id='line_1_9' title="bbox 138 1451 1212 1528; baseline 0.003 -13"><span class='ocrx_word' id='word_1_69' title='bbox 138 1461 307 1518; x_wconf 78' lang='lat' dir='ltr'>cessavero</span> <span class='ocrx_word' id='word_1_70' title='bbox 340 1452 445 1516; x_wconf 81' lang='lat' dir='ltr'>dicere</span> <span class='ocrx_word' id='word_1_71' title='bbox 475 1451 570 1516; x_wconf 86' lang='lat' dir='ltr'>vobis</span> <span class='ocrx_word' id='word_1_72' title='bbox 603 1454 842 1517; x_wconf 78' lang='lat' dir='ltr'>emanationem</span> <span class='ocrx_word' id='word_1_73' title='bbox 872 1455 1031 1528; x_wconf 88' lang='lat' dir='ltr'>universi,</span> <span class='ocrx_word' id='word_1_74' title='bbox 1069 1467 1147 1528; x_wconf 73' lang='grc' dir='ltr'>πλην</span> <span class='ocrx_word' id='word_1_75' title='bbox 1177 1457 1212 1518; x_wconf 91' lang='lat' dir='ltr'>in</span> 
     </span>
     <span class='ocr_line' id='line_1_10' title="bbox 139 1564 1214 1653; baseline 0.002 -23"><span class='ocrx_word' id='word_1_76' title='bbox 139 1565 301 1630; x_wconf 87' lang='lat' dir='ltr'>solutione</span> <span class='ocrx_word' id='word_1_77' title='bbox 328 1567 486 1642; x_wconf 89' lang='lat' dir='ltr'>universi,</span> <span class='ocrx_word' id='word_1_78' title='bbox 521 1564 611 1652; x_wconf 89' lang='lat' dir='ltr'>quod</span> <span class='ocrx_word' id='word_1_79' title='bbox 639 1565 701 1630; x_wconf 89' lang='lat' dir='ltr'>hoe</span> <span class='ocrx_word' id='word_1_80' title='bbox 730 1579 794 1630; x_wconf 86' lang='lat' dir='ltr'>est:</span> <span class='ocrx_word' id='word_1_81' title='bbox 830 1587 904 1629; x_wconf 88' lang='lat' dir='ltr'>cum</span> <span class='ocrx_word' id='word_1_82' title='bbox 932 1567 1085 1653; x_wconf 85' lang='lat' dir='ltr'>impietus</span> <span class='ocrx_word' id='word_1_83' title='bbox 1114 1566 1214 1632; x_wconf 90' lang='lat' dir='ltr'>suerit</span> 
     </span>
    </p>

    <p class='ocr_par' dir='ltr' id='par_1_4' title="bbox 1 1677 1292 2220">
     <span class='ocr_line' id='line_1_11' title="bbox 1 1677 1212 1766; baseline -0.002 -20"><span class='ocrx_word' id='word_1_84' title='bbox 1 1705 2 1746; x_wconf 82' lang='lat'>3</span> <span class='ocrx_word' id='word_1_85' title='bbox 81 1711 109 1752; x_wconf 81' lang='grc' dir='ltr'>ιο</span> <span class='ocrx_word' id='word_1_86' title='bbox 137 1681 257 1762; x_wconf 60' lang='lat' dir='ltr'>opidanos</span> <span class='ocrx_word' id='word_1_87' title='bbox 283 1692 373 1744; x_wconf 89' lang='lat' dir='ltr'>totus</span> <span class='ocrx_word' id='word_1_88' title='bbox 402 1677 519 1765; x_wconf 64' lang='grc' dir='ltr'><em>ψυχων</em></span> <span class='ocrx_word' id='word_1_89' title='bbox 547 1693 680 1755; x_wconf 69' lang='lat' dir='ltr'>artarer,</span> <span class='ocrx_word' id='word_1_90' title='bbox 712 1691 745 1744; x_wconf 91' lang='lat' dir='ltr'>et</span> <span class='ocrx_word' id='word_1_91' title='bbox 772 1679 955 1766; x_wconf 84' lang='lat' dir='ltr'>perfectum</span> <span class='ocrx_word' id='word_1_92' title='bbox 984 1682 1026 1743; x_wconf 90' lang='lat' dir='ltr'>sit</span> <span class='ocrx_word' id='word_1_93' title='bbox 1047 1707 1212 1758; x_wconf 71' lang='grc' dir='ltr'>μυστηριον,</span> 
     </span>
     <span class='ocr_line' id='line_1_12' title="bbox 136 1791 1292 1880; baseline 0.002 -23"><span class='ocrx_word' id='word_1_94' title='bbox 136 1795 227 1858; x_wconf 89' lang='lat' dir='ltr'>euius</span> <span class='ocrx_word' id='word_1_95' title='bbox 251 1795 445 1858; x_wconf 80' lang='lat' dir='ltr'>universitas</span> <span class='ocrx_word' id='word_1_96' title='bbox 469 1791 556 1856; x_wconf 84' lang='lat' dir='ltr'>facta</span> <span class='ocrx_word' id='word_1_97' title='bbox 580 1796 622 1857; x_wconf 90' lang='lat' dir='ltr'>sit</span> <span class='ocrx_word' id='word_1_98' title='bbox 644 1795 783 1880; x_wconf 87' lang='lat' dir='ltr'>penitus,</span> <span class='ocrx_word' id='word_1_99' title='bbox 805 1795 984 1879; x_wconf 80' lang='lat' dir='ltr'>transigam</span> <span class='ocrx_word' id='word_1_100' title='bbox 999 1792 1087 1857; x_wconf 82' lang='lat' dir='ltr'>mille</span> <span class='ocrx_word' id='word_1_101' title='bbox 1108 1816 1211 1859; x_wconf 86' lang='lat' dir='ltr'>annos</span> <span class='ocrx_word' id='word_1_102' title='bbox 1288 1803 1292 1814; x_wconf 93' lang='grc'><strong><em>’</em></strong></span> 
     </span>
     <span class='ocr_line' id='line_1_13' title="bbox 134 1906 1212 1994; baseline -0.001 -20"><span class='ocrx_word' id='word_1_103' title='bbox 134 1909 204 1974; x_wconf 72' lang='grc' dir='ltr'>κατ’</span> <span class='ocrx_word' id='word_1_104' title='bbox 223 1929 326 1972; x_wconf 90' lang='lat' dir='ltr'>annos</span> <span class='ocrx_word' id='word_1_105' title='bbox 349 1906 480 1970; x_wconf 90' lang='lat' dir='ltr'>luminis</span> <span class='ocrx_word' id='word_1_106' title='bbox 503 1929 641 1994; x_wconf 82' lang='lat' dir='ltr'>regnans</span> <span class='ocrx_word' id='word_1_107' title='bbox 666 1929 764 1994; x_wconf 89' lang='lat' dir='ltr'>super</span> <span class='ocrx_word' id='word_1_108' title='bbox 779 1907 931 1990; x_wconf 74' lang='grc' dir='ltr'>προβολαι</span> <span class='ocrx_word' id='word_1_109' title='bbox 951 1907 1082 1972; x_wconf 91' lang='lat' dir='ltr'>luminis</span> <span class='ocrx_word' id='word_1_110' title='bbox 1099 1929 1212 1974; x_wconf 90' lang='lat' dir='ltr'>omnes</span> 
     </span>
     <span class='ocr_line' id='line_1_14' title="bbox 136 2019 1213 2108; baseline 0 -20"><span class='ocrx_word' id='word_1_111' title='bbox 136 2036 170 2088; x_wconf 89' lang='lat' dir='ltr'>et</span> <span class='ocrx_word' id='word_1_112' title='bbox 192 2021 312 2106; x_wconf 73' lang='grc' dir='ltr'>αριθμον</span> <span class='ocrx_word' id='word_1_113' title='bbox 335 2034 444 2085; x_wconf 81' lang='lat' dir='ltr'>totum</span> <span class='ocrx_word' id='word_1_114' title='bbox 466 2019 583 2108; x_wconf 58' lang='grc' dir='ltr'><em>ψυχων</em></span> <span class='ocrx_word' id='word_1_115' title='bbox 597 2034 723 2096; x_wconf 66' lang='lat' dir='ltr'>amerus,</span> <span class='ocrx_word' id='word_1_116' title='bbox 747 2043 831 2107; x_wconf 84' lang='lat' dir='ltr'>quae</span> <span class='ocrx_word' id='word_1_117' title='bbox 854 2033 1049 2108; x_wconf 76' lang='lat' dir='ltr'>acceperunt</span> <span class='ocrx_word' id='word_1_118' title='bbox 1063 2049 1213 2101; x_wconf 72' lang='grc' dir='ltr'><strong>μυετηριιε</strong></span> 
     </span>
     <span class='ocr_line' id='line_1_15' title="bbox 139 2133 1212 2220; baseline 0 -20"><span class='ocrx_word' id='word_1_119' title='bbox 139 2137 257 2200; x_wconf 86' lang='lat' dir='ltr'>omnia.</span> <span class='ocrx_word' id='word_1_120' title='bbox 301 2133 439 2198; x_wconf 86' lang='lat' dir='ltr'>Factum</span> <span class='ocrx_word' id='word_1_121' title='bbox 466 2149 531 2210; x_wconf 84' lang='lat' dir='ltr'>est,</span> <span class='ocrx_word' id='word_1_122' title='bbox 563 2156 667 2220; x_wconf 58' lang='lat' dir='ltr'>Qum</span> <span class='ocrx_word' id='word_1_123' title='bbox 693 2134 784 2200; x_wconf 89' lang='lat' dir='ltr'>Iesus</span> <span class='ocrx_word' id='word_1_124' title='bbox 814 2149 971 2200; x_wconf 82' lang='lat' dir='ltr'>cessasset</span> <span class='ocrx_word' id='word_1_125' title='bbox 999 2133 1104 2200; x_wconf 88' lang='lat' dir='ltr'>dicere</span> <span class='ocrx_word' id='word_1_126' title='bbox 1132 2135 1212 2200; x_wconf 85' lang='lat' dir='ltr'>haec</span> 
     </span>
    </p>

    <p class='ocr_par' dir='ltr' id='par_1_5' title="bbox 1 2247 1212 2336">
     <span class='ocr_line' id='line_1_16' title="bbox 1 2247 1212 2336; baseline -0.002 -20"><span class='ocrx_word' id='word_1_127' title='bbox 1 2305 11 2329; x_wconf 78' lang='grc'>,,</span> <span class='ocrx_word' id='word_1_128' title='bbox 85 2277 112 2318; x_wconf 83' lang='lat' dir='ltr'>rs</span> <span class='ocrx_word' id='word_1_129' title='bbox 138 2247 240 2313; x_wconf 86' lang='lat' dir='ltr'>verba</span> <span class='ocrx_word' id='word_1_130' title='bbox 256 2249 321 2312; x_wconf 89' lang='lat' dir='ltr'>suis</span> <span class='ocrx_word' id='word_1_131' title='bbox 336 2249 492 2329; x_wconf 72' lang='grc' dir='ltr'>μαθητειι,</span> <span class='ocrx_word' id='word_1_132' title='bbox 514 2270 685 2336; x_wconf 84' lang='lat' dir='ltr'>progressa</span> <span class='ocrx_word' id='word_1_133' title='bbox 705 2249 808 2314; x_wconf 88' lang='lat' dir='ltr'>Maria</span> <span class='ocrx_word' id='word_1_134' title='bbox 823 2248 1014 2335; x_wconf 87' lang='lat' dir='ltr'>Magdalena</span> <span class='ocrx_word' id='word_1_135' title='bbox 1029 2249 1123 2312; x_wconf 85' lang='lat' dir='ltr'>dixit:</span> <span class='ocrx_word' id='word_1_136' title='bbox 1147 2253 1212 2324; x_wconf 85' lang='lat' dir='ltr'>„mi</span> 
     </span>
    </p>

    <p class='ocr_par' dir='ltr' id='par_1_6' title="bbox 0 2347 1213 2564">
     <span class='ocr_line' id='line_1_17' title="bbox 0 2347 1212 2447; baseline 0 -20"><span class='ocrx_word' id='word_1_137' title='bbox 0 2347 1 2362; x_wconf 37' lang='lat'>¹</span> <span class='ocrx_word' id='word_1_138' title='bbox 138 2361 285 2437; x_wconf 88' lang='lat' dir='ltr'>domine,</span> <span class='ocrx_word' id='word_1_139' title='bbox 318 2374 400 2447; x_wconf 88' lang='lat' dir='ltr'>quot</span> <span class='ocrx_word' id='word_1_140' title='bbox 422 2384 524 2426; x_wconf 87' lang='lat' dir='ltr'>annos</span> <span class='ocrx_word' id='word_1_141' title='bbox 547 2365 581 2426; x_wconf 89' lang='lat' dir='ltr'>in</span> <span class='ocrx_word' id='word_1_142' title='bbox 604 2366 696 2427; x_wconf 89' lang='lat' dir='ltr'>annis</span> <span class='ocrx_word' id='word_1_143' title='bbox 719 2390 836 2441; x_wconf 76' lang='grc' dir='ltr'><strong>κεσμου</strong></span> <span class='ocrx_word' id='word_1_144' title='bbox 860 2377 910 2427; x_wconf 91' lang='lat' dir='ltr'>est</span> <span class='ocrx_word' id='word_1_145' title='bbox 932 2385 1035 2427; x_wconf 89' lang='lat' dir='ltr'>annus</span> <span class='ocrx_word' id='word_1_146' title='bbox 1057 2362 1212 2427; x_wconf 73' lang='lat' dir='ltr'>luminis?</span> 
     </span>
     <span class='ocr_line' id='line_1_18' title="bbox 135 2475 1213 2564; baseline 0 -22"><span class='ocrx_word' id='word_1_147' title='bbox 135 2475 351 2564; x_wconf 88' lang='lat' dir='ltr'>Respondens</span> <span class='ocrx_word' id='word_1_148' title='bbox 374 2475 463 2542; x_wconf 88' lang='lat' dir='ltr'>lesus</span> <span class='ocrx_word' id='word_1_149' title='bbox 488 2477 569 2540; x_wconf 84' lang='lat' dir='ltr'>dixit</span> <span class='ocrx_word' id='word_1_150' title='bbox 595 2477 731 2541; x_wconf 91' lang='lat' dir='ltr'>Mariae:</span> <span class='ocrx_word' id='word_1_151' title='bbox 764 2476 831 2541; x_wconf 89' lang='lat' dir='ltr'>dies</span> <span class='ocrx_word' id='word_1_152' title='bbox 861 2476 992 2541; x_wconf 90' lang='lat' dir='ltr'>luminis</span> <span class='ocrx_word' id='word_1_153' title='bbox 1021 2491 1097 2540; x_wconf 90' lang='lat' dir='ltr'>sunt</span> <span class='ocrx_word' id='word_1_154' title='bbox 1125 2476 1213 2542; x_wconf 87' lang='lat' dir='ltr'>mille</span> 
     </span>
    </p>

    <p class='ocr_par' dir='ltr' id='par_1_7' title="bbox 26 2588 1214 2791">
     <span class='ocr_line' id='line_1_19' title="bbox 26 2588 1214 2679; baseline 0.003 -29"><span class='ocrx_word' id='word_1_155' title='bbox 26 2643 29 2650; x_wconf 92' lang='lat'><em>.</em></span> <span class='ocrx_word' id='word_1_156' title='bbox 136 2594 213 2657; x_wconf 88' lang='lat' dir='ltr'>anni</span> <span class='ocrx_word' id='word_1_157' title='bbox 235 2617 362 2673; x_wconf 74' lang='grc' dir='ltr'><strong><em>κοσμου,</em></strong></span> <span class='ocrx_word' id='word_1_158' title='bbox 391 2593 467 2655; x_wconf 76' lang='grc' dir='ltr'>ὥστε</span> <span class='ocrx_word' id='word_1_159' title='bbox 495 2592 625 2677; x_wconf 84' lang='lat' dir='ltr'>triginta</span> <span class='ocrx_word' id='word_1_160' title='bbox 653 2613 708 2656; x_wconf 88' lang='lat' dir='ltr'>sex</span> <span class='ocrx_word' id='word_1_161' title='bbox 732 2591 895 2679; x_wconf 86' lang='lat' dir='ltr'>myriades</span> <span class='ocrx_word' id='word_1_162' title='bbox 925 2613 1086 2655; x_wconf 89' lang='lat' dir='ltr'>annorum</span> <span class='ocrx_word' id='word_1_163' title='bbox 1109 2603 1143 2655; x_wconf 88' lang='lat' dir='ltr'>et</span> <span class='ocrx_word' id='word_1_164' title='bbox 1165 2588 1214 2654; x_wconf 89' lang='lat' dir='ltr'>di·</span> 
     </span>
     <span class='ocr_line' id='line_1_20' title="bbox 137 2703 1213 2791; baseline 0 -23"><span class='ocrx_word' id='word_1_165' title='bbox 137 2703 238 2780; x_wconf 88' lang='lat' dir='ltr'>midia</span> <span class='ocrx_word' id='word_1_166' title='bbox 261 2706 382 2791; x_wconf 75' lang='lat' dir='ltr'>myriae</span> <span class='ocrx_word' id='word_1_167' title='bbox 407 2725 570 2768; x_wconf 86' lang='lat' dir='ltr'>annorum</span> <span class='ocrx_word' id='word_1_168' title='bbox 592 2731 709 2789; x_wconf 74' lang='grc' dir='ltr'>κοσμου</span> <span class='ocrx_word' id='word_1_169' title='bbox 735 2708 799 2770; x_wconf 87' lang='lat' dir='ltr'>sint</span> <span class='ocrx_word' id='word_1_170' title='bbox 826 2727 912 2770; x_wconf 91' lang='lat' dir='ltr'>unus</span> <span class='ocrx_word' id='word_1_171' title='bbox 941 2728 1045 2770; x_wconf 90' lang='lat' dir='ltr'>annus</span> <span class='ocrx_word' id='word_1_172' title='bbox 1072 2705 1213 2769; x_wconf 82' lang='lat' dir='ltr'>luminis.</span> 
     </span>
    </p>
   </div>
   <div class='ocr_carea' id='block_1_3' title="bbox 6 2816 1257 2904">
    <p class='ocr_par' dir='ltr' id='par_1_8' title="bbox 6 2816 1257 2904">
     <span class='ocr_line' id='line_1_21' title="bbox 6 2816 1257 2904; baseline 0 -22"><span class='ocrx_word' id='word_1_173' title='bbox 6 2883 11 2895; x_wconf 65' lang='grc'>,</span> <span class='ocrx_word' id='word_1_174' title='bbox 83 2845 111 2887; x_wconf 74' lang='lat' dir='ltr'>an</span> <span class='ocrx_word' id='word_1_175' title='bbox 138 2816 296 2904; x_wconf 85' lang='lat' dir='ltr'>Regnabo</span> <span class='ocrx_word' id='word_1_176' title='bbox 319 2817 406 2882; x_wconf 86' lang='lat' dir='ltr'>mille</span> <span class='ocrx_word' id='word_1_177' title='bbox 429 2845 477 2883; x_wconf 79' lang='lat' dir='ltr'>nur</span> <span class='ocrx_word' id='word_1_178' title='bbox 501 2841 604 2883; x_wconf 89' lang='lat' dir='ltr'>annos</span> <span class='ocrx_word' id='word_1_179' title='bbox 627 2819 758 2883; x_wconf 87' lang='lat' dir='ltr'>luminis</span> <span class='ocrx_word' id='word_1_180' title='bbox 788 2821 926 2882; x_wconf 83' lang='lat' dir='ltr'>existens</span> <span class='ocrx_word' id='word_1_181' title='bbox 956 2841 1015 2883; x_wconf 88' lang='lat' dir='ltr'>rex</span> <span class='ocrx_word' id='word_1_182' title='bbox 1041 2822 1075 2882; x_wconf 93' lang='lat' dir='ltr'>in</span> <span class='ocrx_word' id='word_1_183' title='bbox 1103 2818 1212 2883; x_wconf 89' lang='lat' dir='ltr'>medio</span> <span class='ocrx_word' id='word_1_184' title='bbox 1251 2839 1257 2848; x_wconf 82' lang='grc'><em>·</em></span> 
     </span>
    </p>
   </div>
   <div class='ocr_carea' id='block_1_4' title="bbox 3 2930 1328 4168">
    <p class='ocr_par' dir='ltr' id='par_1_9' title="bbox 3 2930 1328 4168">
     <span class='ocr_line' id='line_1_22' title="bbox 137 2930 1213 3023; baseline -0.003 -27"><span class='ocrx_word' id='word_1_185' title='bbox 137 2933 256 2996; x_wconf 89' lang='lat' dir='ltr'>ultimo</span> <span class='ocrx_word' id='word_1_186' title='bbox 280 2957 472 3023; x_wconf 60' lang='lat' dir='ltr'>aspamam,</span> <span class='ocrx_word' id='word_1_187' title='bbox 497 2935 635 2996; x_wconf 83' lang='lat' dir='ltr'>existens</span> <span class='ocrx_word' id='word_1_188' title='bbox 658 2954 716 2996; x_wconf 83' lang='lat' dir='ltr'>rex</span> <span class='ocrx_word' id='word_1_189' title='bbox 739 2953 838 3018; x_wconf 89' lang='lat' dir='ltr'>super</span> <span class='ocrx_word' id='word_1_190' title='bbox 853 2931 1006 3012; x_wconf 73' lang='grc' dir='ltr'>προβελεις</span> <span class='ocrx_word' id='word_1_191' title='bbox 1030 2951 1142 2994; x_wconf 90' lang='lat' dir='ltr'>omnes</span> <span class='ocrx_word' id='word_1_192' title='bbox 1162 2930 1213 2993; x_wconf 90' lang='lat' dir='ltr'>lu-</span> 
     </span>
     <span class='ocr_line' id='line_1_23' title="bbox 137 3042 1213 3132; baseline -0.005 -21"><span class='ocrx_word' id='word_1_193' title='bbox 137 3049 234 3111; x_wconf 84' lang='lat' dir='ltr'>minis</span> <span class='ocrx_word' id='word_1_194' title='bbox 258 3059 290 3111; x_wconf 83' lang='lat' dir='ltr'>et</span> <span class='ocrx_word' id='word_1_195' title='bbox 316 3067 414 3132; x_wconf 86' lang='lat' dir='ltr'>super</span> <span class='ocrx_word' id='word_1_196' title='bbox 442 3045 563 3130; x_wconf 72' lang='lat' dir='ltr'>spadum</span> <span class='ocrx_word' id='word_1_197' title='bbox 590 3058 699 3110; x_wconf 83' lang='lat' dir='ltr'>totum</span> <span class='ocrx_word' id='word_1_198' title='bbox 721 3042 838 3132; x_wconf 66' lang='grc' dir='ltr'><em>ψυχων</em></span> <span class='ocrx_word' id='word_1_199' title='bbox 857 3058 982 3119; x_wconf 65' lang='lat' dir='ltr'>tenerer,</span> <span class='ocrx_word' id='word_1_200' title='bbox 1011 3064 1095 3128; x_wconf 83' lang='lat' dir='ltr'>quae</span> <span class='ocrx_word' id='word_1_201' title='bbox 1123 3063 1213 3106; x_wconf 79' lang='lat' dir='ltr'>acce·</span> 
     </span>
     <span class='ocr_line' id='line_1_24' title="bbox 135 3155 1213 3249; baseline -0.006 -23"><span class='ocrx_word' id='word_1_202' title='bbox 135 3173 258 3249; x_wconf 91' lang='lat' dir='ltr'>perunt</span> <span class='ocrx_word' id='word_1_203' title='bbox 279 3185 429 3244; x_wconf 72' lang='grc' dir='ltr'>μυετηριε</span> <span class='ocrx_word' id='word_1_204' title='bbox 451 3159 591 3235; x_wconf 87' lang='lat' dir='ltr'>luminis,</span> <span class='ocrx_word' id='word_1_205' title='bbox 616 3171 649 3224; x_wconf 91' lang='lat' dir='ltr'>et</span> <span class='ocrx_word' id='word_1_206' title='bbox 670 3181 730 3224; x_wconf 85' lang='lat' dir='ltr'>vos</span> <span class='ocrx_word' id='word_1_207' title='bbox 746 3161 810 3222; x_wconf 90' lang='lat' dir='ltr'>mei</span> <span class='ocrx_word' id='word_1_208' title='bbox 833 3155 965 3236; x_wconf 71' lang='lat' dir='ltr'>padam</span> <span class='ocrx_word' id='word_1_209' title='bbox 990 3169 1022 3220; x_wconf 89' lang='grc' dir='ltr'>ει</span> <span class='ocrx_word' id='word_1_210' title='bbox 1039 3158 1213 3242; x_wconf 76' lang='lat' dir='ltr'>unusquis·</span> 
     </span>
     <span class='ocr_line' id='line_1_25' title="bbox 140 3269 1328 3362; baseline -0.002 -25"><span class='ocrx_word' id='word_1_211' title='bbox 140 3295 204 3360; x_wconf 88' lang='lat' dir='ltr'>que</span> <span class='ocrx_word' id='word_1_212' title='bbox 219 3287 412 3362; x_wconf 84' lang='lat' dir='ltr'>accepturus</span> <span class='ocrx_word' id='word_1_213' title='bbox 426 3299 583 3356; x_wconf 74' lang='grc' dir='ltr'>μυστηριον</span> <span class='ocrx_word' id='word_1_214' title='bbox 598 3272 773 3338; x_wconf 87' lang='lat' dir='ltr'>lneffabilis</span> <span class='ocrx_word' id='word_1_215' title='bbox 790 3275 852 3336; x_wconf 90' lang='lat' dir='ltr'>erit</span> <span class='ocrx_word' id='word_1_216' title='bbox 865 3293 993 3336; x_wconf 90' lang='lat' dir='ltr'>mecum</span> <span class='ocrx_word' id='word_1_217' title='bbox 1009 3270 1050 3333; x_wconf 90' lang='lat' dir='ltr'>ad</span> <span class='ocrx_word' id='word_1_218' title='bbox 1067 3269 1215 3336; x_wconf 87' lang='lat' dir='ltr'>dextram</span> <span class='ocrx_word' id='word_1_219' title='bbox 1252 3269 1328 3343; x_wconf 67' lang='lat'>2⁴14</span> 
     </span>
     <span class='ocr_line' id='line_1_26' title="bbox 86 3386 1213 3474; baseline -0.004 -19"><span class='ocrx_word' id='word_1_220' title='bbox 86 3413 113 3455; x_wconf 80' lang='lat' dir='ltr'>as</span> <span class='ocrx_word' id='word_1_221' title='bbox 140 3388 220 3453; x_wconf 89' lang='lat' dir='ltr'>mihi</span> <span class='ocrx_word' id='word_1_222' title='bbox 244 3401 277 3452; x_wconf 90' lang='lat' dir='ltr'>et</span> <span class='ocrx_word' id='word_1_223' title='bbox 299 3386 341 3452; x_wconf 90' lang='lat' dir='ltr'>ad</span> <span class='ocrx_word' id='word_1_224' title='bbox 356 3391 520 3452; x_wconf 85' lang='lat' dir='ltr'>sinistram</span> <span class='ocrx_word' id='word_1_225' title='bbox 534 3387 624 3462; x_wconf 86' lang='lat' dir='ltr'>mihi,</span> <span class='ocrx_word' id='word_1_226' title='bbox 647 3390 821 3452; x_wconf 86' lang='lat' dir='ltr'>existentes</span> <span class='ocrx_word' id='word_1_227' title='bbox 836 3408 927 3474; x_wconf 81' lang='lat' dir='ltr'>reges</span> <span class='ocrx_word' id='word_1_228' title='bbox 943 3407 1072 3450; x_wconf 87' lang='lat' dir='ltr'>meeum</span> <span class='ocrx_word' id='word_1_229' title='bbox 1090 3387 1124 3448; x_wconf 94' lang='lat' dir='ltr'>in</span> <span class='ocrx_word' id='word_1_230' title='bbox 1139 3407 1213 3450; x_wconf 90' lang='lat' dir='ltr'>meo</span> 
     </span>
     <span class='ocr_line' id='line_1_27' title="bbox 138 3503 1214 3589; baseline -0.002 -21"><span class='ocrx_word' id='word_1_231' title='bbox 138 3524 257 3589; x_wconf 85' lang='lat' dir='ltr'>regno,</span> <span class='ocrx_word' id='word_1_232' title='bbox 280 3514 314 3566; x_wconf 87' lang='lat' dir='ltr'>et</span> <span class='ocrx_word' id='word_1_233' title='bbox 335 3504 527 3589; x_wconf 85' lang='lat' dir='ltr'>accipientes</span> <span class='ocrx_word' id='word_1_234' title='bbox 551 3523 683 3588; x_wconf 90' lang='lat' dir='ltr'>quoque</span> <span class='ocrx_word' id='word_1_235' title='bbox 710 3505 774 3566; x_wconf 90' lang='lat' dir='ltr'>tria</span> <span class='ocrx_word' id='word_1_236' title='bbox 794 3524 944 3586; x_wconf 67' lang='lat' dir='ltr'>purasne</span> <span class='ocrx_word' id='word_1_237' title='bbox 968 3503 1111 3588; x_wconf 89' lang='lat' dir='ltr'>quinque</span> <span class='ocrx_word' id='word_1_238' title='bbox 1133 3527 1214 3580; x_wconf 80' lang='grc' dir='ltr'><strong><em>μυσ-</em></strong></span> 
     </span>
     <span class='ocr_line' id='line_1_28' title="bbox 137 3615 1213 3704; baseline -0.001 -21"><span class='ocrx_word' id='word_1_239' title='bbox 137 3643 237 3695; x_wconf 68' lang='lat' dir='ltr'>marin</span> <span class='ocrx_word' id='word_1_240' title='bbox 266 3615 443 3681; x_wconf 84' lang='lat' dir='ltr'>Ineffabilis</span> <span class='ocrx_word' id='word_1_241' title='bbox 472 3616 558 3680; x_wconf 90' lang='lat' dir='ltr'>illius</span> <span class='ocrx_word' id='word_1_242' title='bbox 590 3631 686 3682; x_wconf 86' lang='lat' dir='ltr'>erunt</span> <span class='ocrx_word' id='word_1_243' title='bbox 714 3639 806 3704; x_wconf 85' lang='lat' dir='ltr'>reges</span> <span class='ocrx_word' id='word_1_244' title='bbox 839 3617 1010 3681; x_wconf 83' lang='lat' dir='ltr'>vobiscum</span> <span class='ocrx_word' id='word_1_245' title='bbox 1044 3619 1079 3680; x_wconf 91' lang='lat' dir='ltr'>in</span> <span class='ocrx_word' id='word_1_246' title='bbox 1113 3638 1213 3704; x_wconf 82' lang='lat' dir='ltr'>regno</span> 
     </span>
     <span class='ocr_line' id='line_1_29' title="bbox 137 3728 1215 3818; baseline -0.004 -22"><span class='ocrx_word' id='word_1_247' title='bbox 137 3731 286 3808; x_wconf 89' lang='lat' dir='ltr'>luminis,</span> <span class='ocrx_word' id='word_1_248' title='bbox 315 3743 349 3795; x_wconf 91' lang='lat' dir='ltr'>et</span> <span class='ocrx_word' id='word_1_249' title='bbox 369 3728 460 3794; x_wconf 89' lang='lat' dir='ltr'>haud</span> <span class='ocrx_word' id='word_1_250' title='bbox 487 3743 584 3794; x_wconf 88' lang='lat' dir='ltr'>erunt</span> <span class='ocrx_word' id='word_1_251' title='bbox 607 3731 759 3818; x_wconf 88' lang='lat' dir='ltr'>aequales</span> <span class='ocrx_word' id='word_1_252' title='bbox 781 3731 965 3808; x_wconf 84' lang='lat' dir='ltr'>vobiscum,</span> <span class='ocrx_word' id='word_1_253' title='bbox 993 3753 1054 3797; x_wconf 83' lang='lat' dir='ltr'>vos</span> <span class='ocrx_word' id='word_1_254' title='bbox 1078 3744 1111 3795; x_wconf 92' lang='lat' dir='ltr'>et</span> <span class='ocrx_word' id='word_1_255' title='bbox 1133 3733 1215 3794; x_wconf 88' lang='lat' dir='ltr'>acci·</span> 
     </span>
     <span class='ocr_line' id='line_1_30' title="bbox 140 3843 1215 3932; baseline -0.001 -25"><span class='ocrx_word' id='word_1_256' title='bbox 140 3848 266 3932; x_wconf 85' lang='lat' dir='ltr'>pientes</span> <span class='ocrx_word' id='word_1_257' title='bbox 294 3871 449 3924; x_wconf 74' lang='grc' dir='ltr'>μυστηριεν</span> <span class='ocrx_word' id='word_1_258' title='bbox 477 3843 653 3910; x_wconf 81' lang='lat' dir='ltr'>Ineffabilis</span> <span class='ocrx_word' id='word_1_259' title='bbox 682 3846 861 3912; x_wconf 89' lang='lat' dir='ltr'>manebunt</span> <span class='ocrx_word' id='word_1_260' title='bbox 890 3865 1022 3930; x_wconf 88' lang='lat' dir='ltr'>quoque</span> <span class='ocrx_word' id='word_1_261' title='bbox 1051 3854 1128 3927; x_wconf 90' lang='lat' dir='ltr'>post</span> <span class='ocrx_word' id='word_1_262' title='bbox 1154 3863 1215 3906; x_wconf 87' lang='lat' dir='ltr'>vos</span> 
     </span>
     <span class='ocr_line' id='line_1_31' title="bbox 3 3952 1217 4046; baseline -0.007 -21"><span class='ocrx_word' id='word_1_263' title='bbox 3 4007 7 4034; x_wconf 69' lang='grc'><strong>.</strong></span> <span class='ocrx_word' id='word_1_264' title='bbox 88 3983 115 4024; x_wconf 83' lang='lat' dir='ltr'>an</span> <span class='ocrx_word' id='word_1_265' title='bbox 142 3979 253 4044; x_wconf 84' lang='lat' dir='ltr'>reges,</span> <span class='ocrx_word' id='word_1_266' title='bbox 281 3969 314 4021; x_wconf 92' lang='lat' dir='ltr'>et</span> <span class='ocrx_word' id='word_1_267' title='bbox 340 3961 529 4045; x_wconf 87' lang='lat' dir='ltr'>accipientes</span> <span class='ocrx_word' id='word_1_268' title='bbox 554 3962 698 4046; x_wconf 90' lang='lat' dir='ltr'>quinque</span> <span class='ocrx_word' id='word_1_269' title='bbox 724 3985 873 4044; x_wconf 70' lang='lat' dir='ltr'>parrana</span> <span class='ocrx_word' id='word_1_270' title='bbox 901 3952 1076 4018; x_wconf 78' lang='lat' dir='ltr'>ineffabilis</span> <span class='ocrx_word' id='word_1_271' title='bbox 1105 3974 1217 4016; x_wconf 88' lang='lat' dir='ltr'>mane·</span> 
     </span>
     <span class='ocr_line' id='line_1_32' title="bbox 142 4072 1217 4168; baseline -0.007 -31"><span class='ocrx_word' id='word_1_272' title='bbox 142 4072 228 4137; x_wconf 89' lang='lat' dir='ltr'>bunt</span> <span class='ocrx_word' id='word_1_273' title='bbox 251 4093 383 4159; x_wconf 88' lang='lat' dir='ltr'>quoque</span> <span class='ocrx_word' id='word_1_274' title='bbox 403 4087 480 4161; x_wconf 89' lang='lat' dir='ltr'>post</span> <span class='ocrx_word' id='word_1_275' title='bbox 502 4075 567 4138; x_wconf 90' lang='lat' dir='ltr'>tria</span> <span class='ocrx_word' id='word_1_276' title='bbox 587 4100 737 4161; x_wconf 71' lang='grc' dir='ltr'>μυετηριε</span> <span class='ocrx_word' id='word_1_277' title='bbox 766 4074 938 4168; x_wconf 78' lang='lat' dir='ltr'>existentes</span> <span class='ocrx_word' id='word_1_278' title='bbox 961 4087 1093 4153; x_wconf 88' lang='lat' dir='ltr'>quoque</span> <span class='ocrx_word' id='word_1_279' title='bbox 1115 4087 1217 4154; x_wconf 83' lang='lat' dir='ltr'>reges,</span> 
     </span>
    </p>
   </div>
   <div class='ocr_carea' id='block_1_5' title="bbox 142 4307 1217 4498">
    <p class='ocr_par' dir='ltr' id='par_1_10' title="bbox 142 4307 1217 4498">
     <span class='ocr_line' id='line_1_33' title="bbox 225 4307 1217 4400; baseline -0.005 -24"><span class='ocrx_word' id='word_1_280' title='bbox 225 4313 275 4376; x_wconf 87' lang='lat'>10.</span> <span class='ocrx_word' id='word_1_281' title='bbox 296 4311 422 4400; x_wconf 71' lang='grc' dir='ltr'>αριθμοε</span> <span class='ocrx_word' id='word_1_282' title='bbox 442 4325 526 4377; x_wconf 83' lang='lat' dir='ltr'>totns</span> <span class='ocrx_word' id='word_1_283' title='bbox 548 4315 619 4394; x_wconf 88' lang='lat' dir='ltr'>(del.</span> <span class='ocrx_word' id='word_1_284' title='bbox 641 4312 767 4392; x_wconf 87' lang='lat' dir='ltr'>„totus”</span> <span class='ocrx_word' id='word_1_285' title='bbox 780 4311 830 4390; x_wconf 88' lang='lat' dir='ltr'>P.)</span> <span class='ocrx_word' id='word_1_286' title='bbox 887 4307 936 4372; x_wconf 83' lang='lat'>17.</span> <span class='ocrx_word' id='word_1_287' title='bbox 957 4307 1019 4370; x_wconf 85' lang='lat' dir='ltr'>dies</span> <span class='ocrx_word' id='word_1_288' title='bbox 1041 4309 1133 4388; x_wconf 88' lang='lat' dir='ltr'>(unns</span> <span class='ocrx_word' id='word_1_289' title='bbox 1154 4309 1217 4372; x_wconf 83' lang='lat' dir='ltr'>dies</span> 
     </span>
     <span class='ocr_line' id='line_1_34' title="bbox 142 4410 1130 4498; baseline -0.006 -20"><span class='ocrx_word' id='word_1_290' title='bbox 142 4415 190 4496; x_wconf 85' lang='lat' dir='ltr'>P.)</span> <span class='ocrx_word' id='word_1_291' title='bbox 245 4412 297 4478; x_wconf 76' lang='lat' dir='ltr'>at.</span> <span class='ocrx_word' id='word_1_292' title='bbox 321 4417 379 4478; x_wconf 90' lang='lat' dir='ltr'>erit</span> <span class='ocrx_word' id='word_1_293' title='bbox 400 4415 547 4498; x_wconf 84' lang='lat' dir='ltr'>(manebit</span> <span class='ocrx_word' id='word_1_294' title='bbox 568 4415 614 4495; x_wconf 83' lang='grc' dir='ltr'>Ρ.)</span> <span class='ocrx_word' id='word_1_295' title='bbox 675 4411 726 4475; x_wconf 75' lang='lat'>27.</span> <span class='ocrx_word' id='word_1_296' title='bbox 748 4432 836 4498; x_wconf 75' lang='lat' dir='ltr'>reges</span> <span class='ocrx_word' id='word_1_297' title='bbox 858 4411 947 4494; x_wconf 83' lang='lat' dir='ltr'>(socii</span> <span class='ocrx_word' id='word_1_298' title='bbox 968 4431 1057 4497; x_wconf 75' lang='lat' dir='ltr'>reges</span> <span class='ocrx_word' id='word_1_299' title='bbox 1078 4410 1130 4492; x_wconf 86' lang='lat' dir='ltr'>P.)</span> 
     </span>
    </p>
   </div>
   <div class='ocr_carea' id='block_1_6' title="bbox 0 0 1646 5340">
    <p class='ocr_par' dir='ltr' id='par_1_11' title="bbox 0 0 1646 5340">
     <span class='ocr_line' id='line_1_35' title="bbox 0 0 1646 5340; baseline 0 0"><span class='ocrx_word' id='word_1_300' title='bbox 0 0 1646 5340; x_wconf 95' lang='lat' dir='ltr'> </span> 
     </span>
    </p>
   </div>
  </div>
 </body>
</html>
