3296 5354
955 461 1000 529 76

443 646 758 710 consummationem
780 643 878 731 primi
899 667 1072 729 μυστηριου,
1101 641 1191 728 quod
1214 653 1264 707 est
1288 638 1364 706 inde
1388 640 1429 705 ab
1453 644 1517 708 ori-

442 762 529 844 gine,
562 773 595 822 et
615 760 706 822 venit
729 760 797 822 eius
826 772 972 843 tempus,
1003 769 1042 819 ut
1067 754 1245 820 liberarent
1275 777 1348 820 earn
1374 758 1409 818 in
1436 755 1517 820 chao

443 884 476 934 et
498 870 654 935 ducerent
676 894 750 935 eam
773 893 904 935 sursum
926 868 1123 933 intenebris
1151 868 1319 946 omnibus3
1349 882 1518 956 acceptum

361 986 398 1036 ⁸<
443 987 529 1048 enim
553 984 637 1072 (γαρ)
668 998 716 1048 est
748 983 788 1048 ab
820 1006 859 1047 ea
888 1009 1032 1067 μετανοια.
1063 981 1150 1069 apud
1179 986 1325 1070 primum
1353 1007 1518 1067 promptos,

444 1111 542 1185 atque
564 1101 673 1184 ipsum
695 1097 777 1160 illud
798 1107 955 1182 μυστήριον
978 1099 1067 1160 misit
1094 1097 1174 1160 mibi
1202 1117 1355 1183 magnam
1377 1099 1446 1159 vim
1469 1094 1516 1157 lu·
1540 1117 1552 1155 s
1627 1127 1628 1140 κ

332 1203 404 1274 118
444 1215 539 1275 minis
564 1234 604 1275 ex
628 1210 811 1286 altitudine,
835 1213 883 1273 uti
906 1208 1040 1287 βοηθησω
1059 1236 1155 1275 armet
1173 1218 1287 1297 σοφιᾳ,
1311 1223 1344 1274 et
1367 1209 1518 1273 ducerem

445 1345 518 1388 eam
548 1347 678 1389 sursum
709 1327 743 1387 in
774 1327 842 1386 eius
874 1323 965 1387 chao.
1018 1322 1158 1388 lntuitus
1190 1321 1221 1389 ele
1250 1327 1285 1386 in
1316 1323 1518 1387 altitudinem

445 1463 554 1513 crocos,
577 1437 645 1502 vidi
666 1441 734 1501 vim
757 1438 897 1513 lumime,
923 1459 1023 1522 quam
1046 1439 1134 1500 misit
1151 1437 1229 1500 mihi
1245 1440 1389 1524 primum
1404 1463 1517 1523 μυστη-

443 1579 515 1638 ρων,
551 1565 590 1614 ut
619 1572 785 1615 servarem
815 1560 927 1637 σοφιαν
962 1554 997 1614 in
1027 1551 1117 1614 chao.
1162 1549 1299 1614 Factum
1334 1553 1431 1638 igitur
1462 1563 1518 1624 est,

446 1688 549 1752 quum
571 1664 717 1729 viderem
741 1678 912 1729 exeuntem
936 1686 977 1728 ex
999 1691 1098 1730 αιωσιν
1122 1678 1155 1729 et
1182 1667 1366 1729 venientem
1394 1667 1429 1726 in
1456 1685 1517 1738 me,
1541 1686 1565 1725 u

447 1781 518 1865 [ego
543 1776 575 1844 dr
599 1801 688 1842 eram
717 1801 816 1866 super
839 1779 965 1863 chaos]‚
1000 1779 1063 1842 alia
1084 1782 1134 1843 vis
1154 1753 1222 1843 vis
1242 1779 1372 1842 luminis
1402 1780 1478 1841 exiit
1500 1801 1519 1840 a

445 1913 499 1957 me
522 1907 664 1978 quoque,
688 1906 726 1955 ut
749 1895 846 1956 etiam
869 1891 996 1984 βοηθησῃ
1017 1919 1110 1959 πιπτει
1129 1902 1241 1980 “Mili
1265 1907 1298 1957 et
1311 1895 1361 1958 vis
1380 1892 1519 1967 luminis,

377 2011 407 2060 δ<
446 2029 531 2092 quae
555 2010 633 2069 exiit
655 2028 696 2070 ex
718 2005 888 2071 altitudine
912 2029 931 2070 a
953 2010 1060 2093 primo
1083 2033 1249 2093 μυστηριῳ,
1279 2005 1445 2071 descendit
1467 2027 1519 2068 su·

446 2141 507 2206 per
528 2123 596 2184 vim
618 2119 763 2195 luminis,
795 2142 880 2204 quae
903 2124 980 2184 exiit
1002 2143 1020 2185 e
1044 2143 1111 2196 me,
1135 2135 1167 2184 et
1191 2146 1366 2186 exercerer
1390 2117 1450 2182 sibi
1471 2121 1519 2180 in·

445 2235 552 2296 vicem
584 2231 689 2294 factae
719 2245 795 2296 sunt
821 2256 941 2319 magna
964 2236 1104 2323 ωποῤῥοιω
1127 2235 1267 2298 luminis.
1311 2233 1400 2296 Haec
1422 2234 1519 2318 igitur
1543 2257 1566 2295 rs

448 2367 550 2431 quum
574 2343 706 2408 dixisset
726 2344 815 2408 lesus
841 2351 905 2410 suis
928 2347 1085 2429 μωθηταιε,
1110 2347 1203 2411 dixit:
1231 2373 1337 2423 voerta,¹
1352 2345 1519 2433 quomodo

447 2459 618 2524 vobiscum
645 2458 784 2543 loquar?
834 2461 993 2526 Exsiliens
1019 2465 1140 2526 iterum
1163 2463 1321 2526 Maribam
1354 2460 1448 2524 dixit:
1475 2462 1520 2522 mi

448 2572 588 2647 dominc,
612 2599 674 2647 veo,
699 2571 788 2656 quod
804 2572 881 2637 dicis
899 2575 937 2639 de
955 2576 1117 2641 solutione
1133 2576 1230 2640 huius
1248 2578 1414 2640 sermonis.
1447 2574 1522 2638 Tua

446 2689 497 2750 vis
520 2684 651 2749 luminis
675 2696 888 2773 επροφητευσεν
913 2689 990 2752 olim
1013 2711 1072 2776 per
1087 2690 1248 2758 Davidem
1269 2693 1304 2754 in
1323 2690 1521 2775 octogesimo

450 2813 568 2886 quarto
591 2799 722 2864 Psalmo
747 2800 870 2866 dicens:
899 2803 1143 2879 „Misericordia
1170 2817 1203 2868 ct
1228 2807 1348 2868 veritas
1372 2823 1521 2866 occurre·
1545 2825 1569 2864 u

447 2928 526 2979 runt
549 2913 608 2977 sibi
629 2917 777 2991 invicem,
802 2928 900 3001 atquc
924 2914 1140 2992 dectrectaret
1160 2945 1246 3002 ειρηνη
1264 2917 1427 2982 osculatae
1447 2928 1523 2979 sunt

407 3115 412 3125 ,
450 3027 508 3092 sibi
532 3031 678 3092 invicem.
707 3028 837 3094 Veritas
859 3034 1117 3117 progerminavit
1140 3044 1277 3109 eterra,
1300 3045 1334 3095 et
1356 3029 1522 3101 discessura

384 3119 409 3170 >⁴
449 3141 596 3228 despexit
627 3165 644 3206 e
675 3143 793 3207 caelo.”
838 3144 1058 3209 Misericordia
1092 3149 1191 3232 igitur
1224 3159 1274 3210 est
1301 3147 1351 3210 vis
1382 3144 1522 3219 luminis,

449 3278 533 3341 quae
556 3259 634 3319 cxiit
656 3279 673 3321 e
695 3259 802 3342 primo
826 3282 993 3344 μυστηριῳ,
1028 3258 1118 3344 quod
1140 3257 1274 3323 audiens
1297 3266 1522 3345 aestivandum

338 3355 410 3427 119
447 3373 592 3457 primurn
620 3396 786 3456 μυστηριον,
824 3374 995 3434 misertum
1031 3386 1080 3436 est
1113 3377 1181 3437 cius
1216 3376 1251 3436 in
1286 3375 1355 3438 eius
1386 3370 1523 3458 θλιψισιν
1546 3395 1570 3433 rs

451 3480 611 3546 omnibus.
641 3481 770 3546 Veritas
788 3505 919 3569 quoquc
944 3499 994 3548 est
1015 3489 1075 3561 vie,
1099 3509 1182 3572 quae
1207 3489 1283 3550 exiit
1306 3499 1409 3563 exte,
1434 3485 1524 3572 quod
1627 3529 1628 3534 κ

450 3591 618 3657 absolvisti
641 3599 812 3660 veritatem
843 3596 885 3660 ad
913 3599 1108 3664 servandam
1136 3622 1208 3664 eam
1235 3603 1270 3664 in
1298 3600 1393 3677 chao,
1425 3613 1523 3686 atque
1627 3673 1628 3708 1

388 3712 412 3768 λ
450 3708 549 3770 etiam
576 3704 741 3782 danastrum
771 3723 821 3773 est
841 3714 905 3787 vis,
940 3733 1024 3796 quae
1053 3717 1131 3777 exiit
1160 3737 1200 3778 ex
1227 3716 1334 3802 primo
1362 3740 1523 3800 μυστηριῳ,

451 3843 534 3907 quae
558 3820 752 3908 gubernabit
774 3851 869 3889 πιστιν
888 3834 1009 3911 codron,
1034 3841 1133 3912 atque
1161 3831 1260 3891 etlam
1282 3855 1369 3912 ειρηνη
1394 3841 1443 3891 est
1464 3829 1523 3900 ViS,

451 3958 536 4022 quae
559 3938 636 4000 exiit
662 3951 769 4013 exte,
806 3953 983 4025 propterea
1012 3939 1103 4025 quod
1125 3944 1212 4004 itura
1236 3944 1340 4006 estin
1370 3941 1524 4026 προβολας
1547 3961 1570 4000 n

451 4048 613 4128 antedoce,
646 4064 685 4116 ut
708 4051 836 4116 auferat
859 4052 899 4117 ab
922 4055 960 4118 iis
983 4052 1122 4132 lumina,
1157 4077 1240 4141 quae
1265 4055 1471 4120 abstrdcrunt
1491 4058 1526 4118 in

393 4199 411 4286 1‘
450 4193 610 4256 affecerant
633 4219 674 4256 sc.
697 4223 791 4257 πιστιν
812 4199 947 4276 evorea?
982 4201 1016 4258 B.
1041 4199 1139 4261 Scbw.
1167 4202 1286 4262 videtur
1312 4201 1438 4262 vertisse
1465 4221 1526 4258 aaz

450 4311 562 4370 tomos
575 4316 631 4374 pro
648 4317 816 4375 arcemur,
839 4299 918 4378 quod
939 4300 971 4360 in
985 4310 1069 4360 textu
1086 4300 1199 4384 legitur
1212 4302 1262 4372 P.)
1309 4301 1338 4360 2.
1362 4301 1426 4362 eius
1447 4312 1526 4362 tem-

451 4411 507 4472 pus
529 4391 677 4473 (deleatur
697 4397 813 4473 „eius”
835 4398 886 4479 P.)
928 4399 978 4461 10.
1000 4400 1132 4463 viderem
1155 4400 1232 4480 (add.
1256 4420 1319 4463 eam
1339 4400 1389 4480 Ρ.)
