3296 5354
669 477 713 550 15

149 665 205 752 qui
227 665 341 740 ineo,
364 645 550 748 perturbati
573 672 650 725 sunt
669 681 782 726 omnes
804 658 901 726 simul
919 673 1056 751 propter
1069 685 1226 752 magnum

146 778 276 852 lumen,
301 773 392 862 quod
415 786 486 839 erat
507 774 597 838 mihi.
625 772 735 862 Atque
757 778 867 840 intuiti
889 779 924 839 in
946 774 1061 859 ενδυμιι
1083 777 1224 858 luminis,

148 915 215 979 quo
240 913 331 956 eram
352 882 497 965 indutus,
522 887 612 975 quod
635 903 706 953 erat
728 889 855 966 lumen,
883 889 1038 956 viderunt
1059 918 1224 977 μυστηριιι,

148 1027 248 1093 super
279 1002 369 1090 quod
400 1023 516 1067 eorum
545 1005 693 1078 nomina,
728 1006 910 1068 timuerunt
944 1027 1045 1090 quam
1074 1009 1224 1083 maxime,

113 1145 127 1184 ι
150 1131 184 1185 et
206 1118 315 1184 soluta
339 1129 417 1182 sunt
439 1137 554 1180 eorum
568 1116 700 1180 uincula
716 1120 839 1192 omnia,
865 1116 983 1203 quibus
1006 1133 1099 1183 erant
1121 1123 1224 1198 cincti,

149 1245 250 1319 atque
271 1233 497 1316 unusquisque
521 1234 660 1294 cessavit
681 1232 716 1294 in
739 1253 798 1294 sua
826 1228 923 1319 ταξει,
952 1244 985 1296 et
1013 1245 1224 1318 prosternen-

149 1360 199 1413 tes
224 1369 258 1410 se
283 1366 395 1410 omnes
419 1365 532 1407 eoram
553 1366 623 1420 me,
655 1343 837 1408 adorarunt
863 1367 917 1409 me
948 1344 1108 1411 dicentes:
1142 1370 1224 1434 quo·

149 1458 251 1524 modo
274 1461 415 1522 mutavit
437 1480 498 1523 nos
523 1457 675 1522 dominus
697 1460 841 1522 mriversi
863 1458 952 1523 haud
976 1461 1133 1525 scientes?
1181 1461 1226 1526 Et

152 1575 337 1637 cecinerunt
358 1575 469 1656 ύμνιυς
492 1575 627 1655 (ύμνευε)
657 1594 769 1637 omnes
799 1572 895 1636 simul
922 1576 1050 1637 interno
1079 1577 1224 1640 interno-

105 1713 134 1754 ιι
150 1709 235 1752 rum.
279 1686 330 1752 Me
354 1699 465 1752 autem
489 1685 543 1772 (ds)
559 1685 648 1750 baud
662 1685 826 1762 videbant,
851 1685 908 1750 sed
931 1687 1045 1773 (αλλα)
1068 1686 1225 1752 videbant

148 1800 260 1866 lumen
282 1799 528 1876 tantummodo,
561 1814 594 1864 et
617 1812 710 1864 erant
732 1803 766 1862 in
788 1821 906 1885 magno
931 1802 1063 1877 timore,
1095 1814 1127 1864 et
1149 1823 1222 1888 per-

148 1913 369 1979 turbabantur
390 1916 548 1991 maxime,
576 1927 610 1980 et
632 1915 819 1983 cecinerunt
840 1915 950 1999 ύμιους
972 1915 1101 1978 interno
1123 1918 1224 1980 inter·

48 2055 50 2062 ¹
149 2051 279 2093 norum.
811 2009 813 2012 Ι

175 2209 176 2212 ,
241 2141 367 2206 Relicto
390 2163 469 2207 vero
492 2139 551 2226 (ds)
566 2140 640 2207 loeo
658 2140 729 2219 illo,
754 2140 906 2206 adscendi
921 2144 956 2206 in·
969 2145 1109 2229 primam
1126 2150 1223 2230 σφαι-

106 2283 134 2326 ιι
150 2283 214 2343 ραν,
237 2255 343 2320 sactus
367 2257 412 2344 (m
435 2255 529 2344 Copt.
553 2264 649 2322 εἷσε
661 2254 710 2340 ων)
733 2256 845 2320 lumen
861 2279 960 2343 quam
975 2259 1129 2333 maxime,
1148 2257 1222 2343 plus

151 2393 266 2458 quam,
291 2392 356 2457 quo
381 2369 530 2458 splendui
551 2372 586 2433 in
608 2395 803 2456 στερεωμιιτι,
829 2370 1021 2458 quadragies
1044 2373 1168 2435 novies.

237 2484 376 2552 Factum
397 2486 497 2570 igitur
520 2496 584 2560 est,
609 2506 712 2571 quum
733 2487 896 2550 venissem
919 2484 962 2550 ad
984 2498 1081 2559 πυλην
1099 2487 1224 2572 primae

150 2606 298 2686 σφαιρικ,
321 2610 505 2663 commotae
531 2610 607 2661 sunt
630 2599 699 2688 eius
723 2611 821 2664 πυλωι
845 2611 878 2664 et
894 2612 1026 2687 apertae
1043 2613 1119 2663 sunt
1133 2602 1223 2686 ipsae

150 2726 267 2801 sponte
291 2712 397 2777 simul.
441 2710 564 2776 Intravi
586 2714 621 2775 in
644 2721 907 2798 ornaveruntque,
935 2712 1088 2778 exhibens
1112 2713 1224 2778 lumen
1250 2753 1255 2762 ·

106 2856 133 2897 ι
152 2849 252 2913 quam
278 2828 435 2902 maxime,
470 2825 580 2890 nullus
609 2824 728 2891 modus
755 2824 885 2902 lumini,
916 2825 1006 2911 quod
1035 2839 1105 2891 erat
1135 2825 1222 2904 mihi,

151 2953 184 3004 et
205 2939 390 3028 perturbati
419 2952 495 3004 sunt
522 2961 621 3027 super
648 2961 682 3004 se
710 2941 851 3004 invicem
879 2964 1022 3023 αρχοντες
1048 2961 1161 3004 omnes
1191 2953 1224 3004 et

149 3066 318 3118 versantes
342 3075 455 3118 omnes
477 3057 511 3117 in
533 3064 654 3141 σφαιρᾳ
675 3053 746 3130 illa,
762 3065 796 3116 et
810 3064 1223 3140 conspexeruntmagnrnn

149 3167 275 3244 lumen,
304 3165 395 3254 quod
417 3181 486 3233 erat
507 3168 596 3234 mihi.
640 3167 686 3233 Et
706 3168 815 3230 intuiti
837 3169 872 3230 in
892 3188 1005 3230 meum
1028 3163 1151 3249 ενδυμα,
1173 3169 1222 3231 vi-

150 3281 271 3347 derunt
290 3309 445 3368 μυπηριιν
476 3285 526 3347 sui
551 3284 692 3360 nominis
721 3283 756 3345 in
785 3302 839 3358 eo,
870 3293 903 3347 et
933 3280 1118 3345 conturbati
1146 3292 1224 3345 sunt

106 3427 133 3468 n
150 3399 264 3482 magis.
312 3395 357 3462 Et
379 3396 514 3462 fuerunt
534 3398 569 3459 in
590 3418 710 3483 magno
733 3398 866 3472 timore,
895 3394 1051 3473 dieentes,
1079 3417 1141 3466 πως
1164 3395 1222 3460 do·

149 3512 257 3576 minus
281 3513 423 3576 universi
446 3512 588 3575 mutavit
609 3532 685 3586 nos,
708 3509 799 3575 haud
822 3509 926 3576 scios?
956 3509 1001 3576 Et
1024 3510 1132 3575 soluta
1148 3523 1225 3574 sunt
1275 3506 1324 3579 Ἡ

148 3625 278 3690 vincula
301 3647 417 3691 eorum
440 3626 566 3699 omnia,
590 3636 689 3710 atque
712 3629 812 3689 etiam
836 3647 951 3690 eorum
969 3652 1066 3702 τοπιι,
1090 3648 1221 3692 eorum-

149 3761 213 3824 que
235 3736 343 3828 ταξεις.
387 3739 434 3804 Et
454 3740 681 3825 unusquisque
704 3742 843 3804 cessavit
864 3743 899 3803 in
921 3760 982 3803 sua
1002 3736 1096 3828 ταξει.
1140 3740 1222 3805 Ριο-

150 3865 331 3918 sternentes
354 3873 389 3916 se
413 3873 526 3918 omnes
551 3852 648 3916 simul
676 3851 857 3918 adorarunt
877 3873 931 3916 me
955 3874 1067 3918 eoram
1088 3873 1141 3916 me
1166 3863 1224 3914 aut

104 3995 132 4038 ω
150 3985 264 4028 eoram
285 3985 359 4028 meo
383 3962 533 4047 ινδιιμιιτι.
582 3966 628 4033 Et
657 3979 831 4032 cantarunt
851 3967 962 4050 ὕμνους
990 3985 1102 4030 omnes
1127 3963 1224 4028 simul

148 4080 279 4142 interno
307 4079 527 4156 internorum,
560 4095 729 4148 versantes
762 4083 797 4144 in
825 4099 944 4165 magno
977 4079 1096 4142 timore
1127 4063 1160 4141 et
1187 4079 1223 4140 in

148 4229 224 4306 (non
250 4227 364 4311 legitur
389 4231 546 4306 „omnes”
567 4233 599 4292 in
620 4243 705 4294 textu
726 4231 776 4305 P.)
833 4225 863 4289 4·
886 4227 1006 4288 nomina
1028 4228 1152 4305 (nomen
1174 4227 1223 4306 P.)

148 4325 178 4388 6.
199 4324 282 4412 ταξιι
303 4329 381 4407 <veh
404 4331 527 4412 reliquit
549 4353 630 4394 ruam
651 4327 735 4415 ταξιν
756 4331 805 4405 Ρ.)
871 4327 922 4390 ⁶28.
944 4324 1027 4412 ταξει
1050 4329 1127 4407 (velz
1150 4329 1222 4392 reli-

147 4426 213 4507 quit
234 4449 316 4490 suam
336 4427 422 4513 ταξιν
442 4430 493 4511 Ρ.)
