3296 5354
954 480 997 548 14

439 666 582 734 santium
597 664 744 729 omuimn
758 662 793 726 in
808 660 982 728 duodecim
996 685 1111 737 senen,
1127 671 1227 746 atque
1241 685 1400 746 μυοπρων
1416 681 1516 726 omne

438 783 579 847 nominis
608 780 812 843 versantium
847 779 994 842 omnium
1028 779 1063 840 in
1092 773 1253 864 εἷμαρμιιῃ
1285 787 1319 839 et
1351 777 1387 839 in
1416 775 1514 840 caelis

439 895 605 971 omuibus,
629 906 663 958 et
684 917 839 976 μυστηριον
861 904 969 956 totum
990 891 1131 955 nominis
1146 891 1350 954 versantium
1365 892 1514 953 omnium

319 1031 323 1040 ·
437 1013 472 1074 in
494 1019 629 1097 σφαιρᾳ,
653 1019 751 1093 atque
776 1008 874 1070 etiam
898 1026 1013 1070 eorum
1028 1029 1230 1090 superoptime
1244 1015 1278 1068 et
1299 1003 1433 1079 horum,
1457 1005 1515 1088 qui

438 1128 473 1188 in
495 1127 548 1200 iis,
573 1124 736 1196 omnium,
759 1134 858 1206 atque
882 1121 982 1184 etiam
1005 1140 1237 1184 eorumeorurn
1262 1119 1419 1182 omnium.
1459 1117 1513 1182 En
1534 1144 1547 1183 s

438 1241 551 1325 igitur,
584 1237 733 1300 misimus
763 1233 823 1297 tibi
852 1233 914 1298 hoc
945 1230 1074 1318 ενὼμω,
1110 1230 1199 1319 quod
1232 1253 1330 1296 nemo
1360 1234 1515 1318 cognovit

438 1351 513 1416 inde
537 1352 686 1436 aprime
709 1361 884 1435 praecepto
909 1346 1064 1435 desuper,
1092 1359 1269 1434 propterea
1292 1345 1382 1432 quod
1405 1346 1513 1432 splen·

439 1464 500 1530 dor
523 1467 592 1529 eius
615 1464 745 1527 luminis
769 1475 841 1526 erat
867 1462 1013 1526 occultus
1040 1464 1075 1525 in
1104 1483 1159 1538 eo,
1189 1482 1296 1547 neque
1326 1469 1456 1547 upupae
1480 1473 1513 1525 et

437 1605 519 1644 τοποι
544 1599 656 1642 omnes
679 1575 754 1640 inde
785 1601 805 1641 a
833 1577 939 1664 primo
970 1589 1146 1663 praecepto
1179 1574 1326 1662 desuper.
1379 1574 1512 1639 Festina

437 1695 550 1780 igitur,
579 1691 677 1756 indue
700 1690 763 1754 hoc
786 1689 916 1775 stupu
946 1693 1021 1755 veui
1045 1689 1088 1755 ad
1116 1712 1193 1766 nos,
1223 1711 1301 1752 nam
1328 1687 1510 1775 indigemus
1531 1720 1555 1760 n

437 1819 486 1882 te,
515 1819 554 1870 ut
575 1805 750 1870 induamus
779 1818 812 1869 te
842 1803 987 1886 ενδυμασι
1018 1803 1147 1868 duobus
1169 1825 1229 1891 per
1259 1816 1393 1868 κιλευσιν
1415 1805 1514 1890 primi

436 1944 611 2006 μυστηριου,
642 1941 746 2006 usque
771 1920 851 1984 dum
874 1922 942 1984 eius
972 1931 1102 2006 tempus
1130 1918 1320 2006 impleretur
1352 1931 1512 1982 statutum

335 2037 385 2110 20
438 2035 479 2098 ab
494 2033 663 2099 lneffabili.
693 2033 778 2098 Ecce
800 2036 899 2120 igitur
922 2033 1095 2121 impletum
1114 2046 1163 2097 est
1179 2035 1248 2097 eius
1264 2045 1403 2119 tempus.
1427 2031 1512 2096 Veni
1629 2057 1630 2112 ς

435 2151 535 2235 igitur
558 2147 600 2212 ad
623 2169 683 2226 nos
708 2151 785 2224 cito,
808 2160 846 2210 ut
868 2146 1042 2211 induamus
1065 2147 1124 2211 tibi
1148 2169 1200 2223 ea,
1223 2167 1328 2232 usque
1349 2145 1430 2210 dum
1452 2145 1511 2210 ab·

437 2260 544 2326 solvus
569 2258 716 2326 desaeviet·
740 2283 872 2324 omnem
893 2261 1101 2347 perfectionis
1124 2264 1222 2348 primi
1242 2287 1420 2345 μυστηρισυ,
1445 2274 1555 2334 sta-1⁵

437 2388 545 2440 tutam
569 2373 610 2438 ab
632 2372 802 2438 Ineffabili.
837 2373 923 2439 Veni
947 2374 989 2439 ad
1011 2398 1072 2440 nos
1097 2379 1170 2451 cito,
1195 2375 1368 2439 induemus
1391 2397 1430 2440 ea
1452 2375 1511 2439 tibi
1630 2347 1631 2364 ¹

436 2505 529 2557 aare·
543 2475 677 2555 κελωσὶν
704 2491 801 2576 primi
821 2513 1000 2573 μυστηρωυς
1031 2489 1137 2554 adhuc
1167 2493 1253 2554 enim
1281 2495 1336 2569 (sn
1354 2495 1432 2575 γαρ).
1451 2492 1511 2553 mi-

435 2599 563 2667 nimum
586 2607 777 2687 (ελαχιστον)
800 2616 930 2689 tempus
955 2616 1012 2668 est.
1057 2603 1157 2670 Venis
1182 2602 1224 2668 ad
1246 2626 1322 2680 nos,
1340 2607 1387 2669 'et
1413 2604 1511 2668 relin-

437 2739 516 2804 ques
547 2744 667 2808 κᾳσμον.
712 2717 797 2783 Veni
826 2719 940 2804 igitur,
978 2721 1041 2784 cito
1077 2721 1214 2806 accipies
1248 2732 1342 2783 tuam
1373 2717 1512 2805 glorium

436 2853 583 2909 omnem,
608 2821 819 2919 quae'gloria
841 2846 891 2896 est
912 2834 1010 2919 primi
1031 2859 1203 2918 μυστηριου.
1528 2867 1555 2908 2

523 2947 662 3012 Factum
684 2949 782 3033 igitur
805 2959 870 3024 e'st,
901 2968 1005 3032 quum
1034 2945 1181 3036 viderem
1202 2973 1359 3032 μυπηριον
1389 2946 1511 3012 horum

433 3058 622 3145 verborum*
643 3064 792 3127 omnium
819 3064 854 3125 in
883 3083 958 3126 meo
991 3058 1145 3144 ινδυμοιτι,
1181 3060 1272 3148 quod
1301 3064 1391 3126 misit
1420 3061 1509 3138 mihi,

432 3175 524 3240 indui
546 3174 636 3240 istud
658 3175 741 3240 hora
768 3175 833 3239 illa.
878 3174 923 3239 Et
945 3174 1051 3240 facms
1075 3198 1150 3240 sum
1179 3175 1292 3241 lumen
1315 3199 1417 3263 quam
1438 3199 1509 3242 ma-

328 3373 330 3378 ·
434 3291 536 3365 xime,
561 3303 594 3354 et
616 3289 725 3354 volavi
748 3291 783 3352 in
805 3288 1019 3365 altitudinem,
1044 3303 1077 3354 et
1101 3293 1176 3355 veui
1201 3289 1244 3355 ad
1273 3303 1370 3365 πυλην
1389 3317 1509 3378 στερεω-

432 3427 546 3487 ματος,
577 3401 683 3467 faetus
711 3402 823 3466 lumen
851 3425 951 3488 quam
980 3406 1137 3482 maxime,
1168 3405 1278 3469 nullus
1307 3405 1427 3470 modus
1456 3404 1507 3470 lu·
1525 3439 1553 3479 η

433 3517 526 3589 mini,
565 3537 631 3599 quo
664 3537 763 3579 eram.
814 3513 924 3600 Atque
953 3531 1138 3582 commotae
1174 3541 1273 3607 super
1304 3541 1339 3584 se
1369 3522 1508 3584 invicem

433 3647 547 3690 omnes
570 3639 668 3692 πυλαι
686 3652 901 3712 supraponere,
926 3643 1059 3716 apertae
1082 3646 1159 3696 sunt
1183 3655 1295 3698 omnes
1319 3633 1425 3697 simul.
1463 3633 1510 3698 Et

433 3765 576 3828 αρχοντες
599 3762 712 3807 omnes
736 3753 769 3806 et
791 3739 929 3832 ,εξουσιωι
959 3765 1072 3810 omnes
1101 3760 1203 3834 utque
1231 3760 1360 3834 αγγελοι
1384 3768 1508 3823 omnes,

515 3926 545 3990 4.
567 3951 738 4015 ςερεωματος
764 3931 956 4015 <repensentur
977 3932 1027 4011 P.)
1070 3935 1120 3994 10.
1149 3931 1256 4006 ενδυμα
1277 3935 1354 4019 (add.
1376 3934 1433 3995 tibi
1458 3935 1507 4008 P.)

432 4029 481 4089 10.
504 4029 670 4114 indigemus
697 4043 727 4091 te
754 4030 806 4108 (ci.
826 4051 914 4112 supra
945 4052 1012 4115 pag.
1036 4031 1085 4092 12.
1110 4032 1130 4093 Ι.
1144 4033 1193 4094 15.
1216 4047 1246 4095 et
1267 4035 1318 4094 22.
1340 4036 1390 4112 P.)
1454 4036 1506 4095 11.

431 4125 569 4198 ενδυμασι
591 4131 668 4210 (add.
692 4131 751 4190 tuis
773 4131 824 4206 P.)
884 4131 933 4190 12.
963 4133 993 4192 iu
1021 4133 1155 4216 margine
1182 4135 1278 4195 addita
1307 4135 1399 4218 legis:
1432 4155 1506 4215 quae

431 4239 502 4286 sunt
522 4228 578 4288 tibi
600 4229 668 4290 inde
689 4230 725 4290 ab
746 4231 834 4291 initio
849 4231 925 4312 apud
938 4232 1068 4312 primum
1082 4256 1239 4318 μυστήριον.
1282 4235 1332 4293 12.
1349 4236 1413 4296 eius
1428 4246 1506 4294 tem-

429 4347 485 4405 pus
507 4326 615 4404 (hicet
637 4329 691 4388 lin.
713 4351 756 4410 sq.
780 4331 924 4391 redundet
945 4333 1053 4408 „eius”
1069 4333 1119 4408 P.)
1162 4332 1212 4393 16.
1235 4334 1304 4395 veui
1319 4333 1395 4411 (add.
1411 4335 1506 4418 igitur

428 4423 479 4502 P.)
520 4425 572 4486 22.
595 4447 662 4488 meo
684 4432 759 4508 (non
782 4429 895 4513 iegitur
915 4433 1035 4508 „meo”
1063 4434 1094 4493 in
1116 4445 1201 4495 textu
1222 4433 1272 4511 P.)
1325 4433 1376 4494 27.
1400 4453 1504 4496 omnes
