3296 5354
957 441 1000 506 60

441 635 537 712 ganto
562 645 622 690 cua
643 625 677 688 vi
698 621 732 687 hi
756 643 880 698 omnes,
904 623 960 708 qui
982 619 1101 686 volunt
1123 618 1253 685 eulerrc
1272 639 1385 684 mcum
1406 616 1521 684 lumen

441 739 521 802 mihi
542 751 661 802 totum.
696 734 941 818 Convertuntor
964 733 1007 800 ed
1030 735 1144 811 chaos,
1168 737 1298 819 sintque
1320 735 1519 820 impotentes

442 855 499 938 qui
527 849 645 916 volunt
676 848 805 914 aufmre
838 871 950 913 meum
975 847 1088 912 lumen
1117 845 1198 911 mihi
1226 859 1346 911 totum.
1390 845 1520 910 Eorum

253 967 326 1077 m
336 939 398 1060 sil
441 967 491 1030 vie
515 979 584 1030 esto
610 966 693 1028 sicut
714 963 837 1050 pulvis,
864 975 896 1028 ct
917 987 1100 1028 reveresco
1124 983 1181 1025 cos
1195 959 1262 1035 led,
1278 973 1357 1023 tuus
1374 972 1518 1044 αγγελος,

443 1091 476 1144 ct
507 1081 534 1142 si
562 1080 712 1143 venerint
746 1090 861 1142 euntes
899 1075 942 1140 ad
977 1075 1197 1140 altitudinem:
1233 1070 1427 1161 prehendite
1460 1091 1556 1137 coss

443 1191 554 1277 caligo.
598 1189 823 1276 Impingunto,
850 1203 890 1254 ut
916 1201 1151 1255 convertantur
1178 1189 1214 1251 in
1241 1186 1355 1264 chaos,
1384 1200 1419 1252 et
1439 1209 1517 1275 pro-

443 1307 588 1389 sequitor
611 1324 668 1367 eos
690 1302 761 1380 lcii,
784 1316 861 1368 tuus
886 1316 1035 1391 αγγελος,
1057 1316 1096 1367 ut
1116 1303 1280 1390 percutiat
1302 1322 1358 1365 eos
1382 1299 1518 1387 caligine

440 1416 584 1493 inferna,
616 1416 707 1503 quod
733 1414 877 1481 insidiati
906 1429 983 1482 sunt
1011 1417 1092 1481 mihi
1120 1417 1155 1482 vi
1185 1437 1261 1479 cum
1291 1413 1373 1479 facie
1404 1414 1518 1490 leonis,

441 1530 531 1596 haud
557 1529 696 1596 faciente
724 1553 777 1596 mc
805 1531 930 1596 malum
958 1533 1011 1608 iic,
1046 1553 1113 1617 qua
1142 1527 1284 1593 ablaturi
1315 1541 1392 1593 sunt
1421 1550 1520 1593 suum

442 1644 568 1721 lumen,
598 1644 688 1730 quod
709 1647 744 1709 in
766 1667 828 1710 me.
873 1643 1034 1732 Allligunt
1053 1647 1138 1720 vim,
1169 1645 1310 1730 quaein
1332 1663 1400 1720 mc,
1424 1642 1518 1718 hanc,
1546 1661 1570 1700 re

444 1781 544 1846 quam
565 1757 656 1823 haud
677 1758 848 1848 abripient.
892 1758 986 1823 Nune
1015 1761 1127 1846 igitur,
1157 1757 1284 1833 lumen,
1312 1755 1406 1820 aufer
1428 1758 1519 1844 puri·

443 1885 547 1938 tatem
569 1875 602 1937 vi
627 1895 701 1938 cum
725 1872 807 1940 facie
828 1872 941 1949 leonis,
964 1875 1066 1936 inscia
1088 1893 1136 1937 ea.
1164 1871 1209 1936 Et
1224 1869 1405 1947 consilium,
1428 1868 1520 1957 quod

444 1991 530 2075 cepit
552 1983 683 2063 αυθωδης
705 1987 747 2052 ad
771 1985 988 2053 auferendum
1009 2007 1122 2051 meum
1147 1985 1275 2062 lumen,
1305 1983 1399 2049 aufer
1422 2007 1520 2048 suum

444 2121 586 2186 quoque.
630 2100 676 2165 Et
698 2100 874 2166 auferunto
898 2100 1010 2165 lumen
1031 2103 1066 2167 vi
1089 2121 1164 2164 cum
1190 2099 1272 2164 facie
1300 2098 1419 2174 leonis,
1452 2119 1520 2185 qua

441 2211 636 2276 insidiantur
658 2213 746 2278 mibi.
789 2214 862 2280 Mea
883 2217 934 2280 vis
955 2218 1027 2302 ipsa
1050 2217 1113 2279 erit
1134 2213 1244 2278 hilaris
1266 2215 1301 2276 in
1322 2211 1460 2286 lumine,
1483 2225 1519 2275 et
1546 2232 1571 2271 n

444 2323 613 2412 gaudebit,
654 2324 744 2412 quod
775 2327 920 2392 servabis
957 2350 1039 2393 eam.
1091 2327 1137 2393 Et
1167 2327 1275 2392 dicent
1303 2351 1377 2414 μιρη
1407 2328 1520 2392 omnia

442 2462 536 2505 meae
558 2442 623 2504 vis:
656 2439 765 2505 nullus
790 2440 872 2505 alius
904 2455 1052 2507 servator
1073 2455 1205 2529 praeter
1226 2455 1275 2518 tc,
1307 2439 1397 2526 quod
1419 2453 1457 2503 tu
1477 2439 1519 2502 li·

442 2552 572 2618 berabis
595 2576 648 2619 me
672 2579 692 2619 a
713 2557 747 2619 vi
775 2576 850 2618 cum
872 2553 954 2620 facie
982 2554 1100 2634 lconis,
1135 2579 1219 2642 quae
1249 2553 1383 2620 abstulit
1408 2575 1519 2618 meam

442 2671 511 2734 vim
534 2667 621 2732 mihi.
666 2668 711 2734 Et
732 2682 771 2734 tu
792 2668 944 2735 liberabis
972 2692 1025 2735 me
1056 2669 1097 2733 ab
1127 2669 1193 2744 his,
1226 2671 1283 2756 qui
1312 2667 1519 2733 abstulerunt

443 2803 552 2846 meam
573 2785 642 2847 vim
665 2807 685 2848 a
706 2805 759 2848 me
784 2797 817 2849 et
838 2806 950 2849 meum
978 2784 1099 2850 lumen.
1144 2783 1228 2848 Nam
1256 2794 1417 2848 steterunt
1438 2803 1517 2847 con·
1545 2803 1571 2842 n

443 2909 496 2960 tra
517 2919 587 2975 me,
611 2897 754 2963 dicentes
777 2898 984 2963 mendacium
1007 2899 1099 2974 mibi,
1131 2910 1164 2962 ct
1186 2897 1343 2961 dicentes:
1365 2918 1419 2962 mc
1441 2917 1518 2983 cog·

443 3033 542 3077 nosce
569 3039 727 3100 μυστηριον
748 3012 880 3076 luminis
910 3015 944 3076 in
972 3010 1156 3088 altitudine,
1193 3013 1245 3074 cui
1273 3036 1450 3086 eavctcvca,
1484 3023 1519 3074 et

443 3153 622 3212 ηναγκαιπιν
645 3149 713 3192 me:
750 3125 801 3191 dic
823 3126 917 3192 nobis
940 3153 1089 3211 μυστηριαι
1116 3126 1247 3190 luminis
1275 3127 1310 3188 in
1337 3123 1517 3200 altitudine,

445 3239 536 3326 quod
558 3242 710 3328 equidem
732 3240 823 3305 haud
846 3244 998 3328 cognovi,
1033 3254 1066 3306 et
1087 3238 1310 3304 retribuerunt
1336 3239 1415 3302 mihi
1437 3237 1517 3302 hacc

443 3354 531 3418 mala
563 3357 688 3429 omnia,
725 3367 901 3441 propterea
931 3381 1092 3420 nimenta
1117 3352 1233 3417 lumini
1261 3351 1453 3432 altitudinis3
1484 3365 1517 3417 et
1545 3373 1570 3413 as

444 3464 594 3531 fecerunt
620 3489 728 3530 meam
755 3470 824 3532 vim
853 3467 985 3531 luminis
1016 3480 1192 3556 expertem.
1237 3466 1307 3554 Ego
1337 3463 1384 3545 de,
1415 3489 1518 3554 quum

443 3603 621 3664 ηνοιγκασαν
643 3599 710 3656 mc,
735 3578 803 3643 sedi
824 3582 866 3642 ite
883 3579 1030 3668 caligine,
1052 3579 1148 3672 ψυχῃ
1171 3581 1340 3646 humiliata
1361 3585 1396 3645 in
1417 3582 1517 3646 luctu.

444 3689 490 3755 Et
512 3691 639 3768 lumen,
669 3694 761 3756 cuius
785 3715 884 3758 causa
905 3697 1023 3779 ύμνευω
1045 3694 1118 3772 tibi,
1148 3718 1242 3760 serva
1263 3717 1326 3760 mc.
1371 3695 1461 3773 Scio,
1484 3710 1517 3761 te

527 3883 577 3944 10.
601 3883 680 3964 quod
703 3883 732 3943 in
757 3906 803 3945 mc
825 3884 992 3962 (deleantur
1015 3887 1119 3947 verba:
1142 3885 1221 3966 quod
1244 3885 1273 3945 in
1296 3907 1343 3947 me
1365 3887 1413 3960 P.)
1465 3886 1515 3946 16.

442 3983 571 4044 servabis
594 3985 788 4062 („servabit.”
818 3985 876 4045 Sed
899 3985 1058 4068 legendum
1079 3987 1198 4046 videtur
1219 3986 1249 4046 in
1266 3997 1350 4046 textu
1365 4007 1515 4069 anassep-

442 4104 506 4144 rtec
527 4084 679 4162 „servabis
702 4085 784 4146 eem”
806 4106 860 4166 pro
883 4107 1082 4168 qnanapuec
1104 4086 1255 4162 „servabit
1276 4086 1357 4146 eam”
1380 4086 1413 4145 P.
1466 4087 1516 4144 22.

442 4205 490 4245 ane
512 4205 662 4266 cognosce
683 4187 748 4263 (aut
762 4184 921 4268 legendnm
943 4207 1013 4263 „me
1028 4187 1231 4270 cognoscerc”
1250 4197 1302 4246 aut
1320 4185 1515 4269 „cognosco”

442 4283 492 4362 P.)
533 4283 584 4340 22.
608 4283 727 4344 luminis
749 4285 825 4362 (add.
850 4285 930 4366 quod
950 4287 1001 4366 P.)
1047 4286 1098 4346 23.
1123 4285 1243 4347 luminis
1265 4285 1342 4364 (add.
1366 4285 1446 4367 quod
1466 4285 1515 4362 P.)

443 4380 493 4442 25.
517 4393 674 4461 propterea
695 4381 771 4460 (add.
796 4385 876 4464 quod
898 4385 947 4464 P.)
