3254 5340
935 481 1002 548 130

426 653 555 754 κιῷιλη
576 665 674 753 primi
696 685 893 748 χωρημωτος,
921 657 1012 748 quod
1033 671 1085 725 est
1107 657 1151 724 ad
1171 670 1302 747 partem
1325 669 1505 736 externum,

429 793 464 846 et
487 793 537 844 est
561 780 590 844 ei
612 775 734 866 εξουσια
757 775 855 842 eundi
877 777 911 840 in
933 771 1030 862 ταξιις
1053 795 1177 850 omnes,
1202 795 1285 859 quae
1309 787 1401 838 extra
1419 796 1506 850 enm,

430 906 522 962 αλλα
544 915 612 958 non
635 904 685 956 est
708 893 736 956 el
759 889 880 978 εξουσια,
903 888 1000 953 eundi
1023 891 1200 964 inrorans,
1225 891 1281 974 qui
1304 909 1405 976 supra
1421 909 1505 964 eum,

430 1021 489 1072 aut
510 1005 730 1094 perlustrandi
754 1027 824 1081 eos,
855 1006 968 1089 etqui
999 1005 1182 1090 acceperint
1207 1029 1365 1088 μυπηριον
1392 1005 1427 1066 in
1451 1030 1507 1068 re-

429 1118 508 1211 ξισιν
535 1123 650 1207 viginti
678 1131 822 1206 quatuor
844 1144 1024 1201 μυστηριων,
1052 1119 1087 1180 in
1113 1117 1241 1194 locum,
1273 1137 1339 1202 quo
1369 1118 1507 1202 quisque
1538 1144 1550 1181 s

430 1237 592 1320 acceperit
613 1259 784 1316 μυστηρων,
811 1235 920 1298 veniet
943 1245 976 1296 et
999 1233 1060 1296 erit
1086 1230 1210 1295 habens
1238 1227 1373 1318 εξουσιιν
1396 1230 1506 1317 perlu-

430 1346 555 1412 strandi
577 1343 675 1434 ταξεις
692 1367 804 1410 omnes
829 1359 862 1410 et
875 1371 1061 1430 χωρηματα,
1084 1367 1169 1431 quae
1192 1357 1284 1408 extra
1301 1366 1391 1420 eum,
1416 1361 1508 1412 σιλλι

430 1483 498 1526 non
521 1473 572 1525 est
594 1462 623 1525 ei
646 1457 768 1548 ιξουσια
796 1460 947 1525 veniendi
974 1463 1009 1525 in
1038 1457 1152 1547 ταξεις,
1184 1482 1270 1545 quae
1300 1481 1401 1548 supra
1431 1481 1507 1524 eum

316 1563 392 1638 204
432 1589 491 1640 aut
520 1573 740 1664 perlustrandi
771 1596 841 1652 eos,
876 1587 910 1640 et
940 1577 996 1660 qui
1020 1576 1180 1660 acceperit
1205 1600 1360 1658 μυστηριον
1390 1577 1425 1638 in
1451 1601 1506 1639 τι·

429 1685 508 1779 ξισιν
535 1691 634 1777 primi
663 1715 839 1774 μυστηριου,
874 1688 964 1775 quod
992 1691 1027 1752 in
1054 1691 1152 1752 tertio
1182 1713 1361 1770 χωρηματι,
1397 1703 1448 1752 est
1478 1692 1506 1752 ei
1530 1715 1553 1754 rr

429 1802 552 1893 εξουσιω
575 1803 674 1868 eundi
696 1806 730 1867 in
751 1800 850 1891 τιξεις
874 1825 1001 1879 omnes,
1033 1823 1118 1889 quae
1146 1801 1233 1865 infra
1256 1823 1344 1878 eum,
1375 1815 1409 1866 et
1432 1824 1508 1889 per·

429 1917 590 1982 lustrandi
614 1940 670 1983 eos
694 1939 822 1994 omnes,
857 1929 947 1982 ιλλοι
969 1939 1037 1980 non
1067 1928 1115 1980 est
1145 1917 1175 1980 ei
1203 1912 1323 2004 εξουσιω
1351 1915 1451 1980 eundi
1473 1919 1509 1980 in

428 2057 551 2109 τοπους,
576 2035 632 2117 qui
655 2054 755 2118 supra
779 2054 869 2106 eum,
893 2044 951 2094 aut
973 2029 1193 2117 perlustrandi
1216 2051 1288 2106 eos,
1316 2034 1429 2115 etqui
1454 2053 1508 2094 ae·

432 2149 555 2232 ceperit
576 2171 733 2227 μυπηρων
755 2147 789 2207 in
811 2149 919 2232 primo
942 2171 1166 2230 τριπνευμιτῳ,
1196 2147 1252 2230 qui
1275 2145 1430 2231 pertingit
1453 2167 1509 2208 su·

428 2279 489 2346 per
511 2259 624 2342 viginti
641 2271 785 2342 quatuor
806 2283 957 2341 μυστηριω
978 2259 1071 2321 iuxta
1094 2280 1128 2322 se
1150 2260 1298 2334 invicem,
1323 2281 1406 2344 quae
1430 2280 1507 2345 per·
1532 2284 1553 2323 n

428 2373 560 2458 tingunt
582 2369 624 2434 ad
646 2395 781 2453 χωρημαι
802 2373 900 2458 primi
923 2397 1094 2458 μυπηριου,
1125 2395 1268 2459 quorum
1289 2399 1376 2438 τοπον
1399 2372 1511 2438 dicam

428 2484 523 2550 vobis
546 2487 580 2550 in
603 2487 807 2549 emanatione
830 2487 974 2549 universi
997 2523 1034 2536 -
1060 2489 1115 2573 qui
1139 2489 1301 2574 acceperit
1323 2515 1370 2552 ουν
1388 2514 1510 2570 μυστη-

428 2623 485 2686 ριον
502 2624 717 2684 τριπνευματου
744 2598 847 2675 illius,
881 2612 931 2664 est
962 2601 990 2664 ei
1022 2597 1143 2690 εξουσια.
1174 2600 1272 2666 eundi
1302 2600 1443 2688 desuper
1473 2604 1510 2666 in

428 2708 527 2798 ταξεις
550 2733 679 2790 omnes,
709 2735 792 2799 quae
815 2712 901 2777 infra
925 2735 1016 2791 eum,
1045 2728 1137 2782 αλλω
1163 2737 1231 2780 non
1261 2728 1310 2780 est
1333 2719 1361 2780 ei
1384 2715 1510 2803 ιξουσιι

428 2825 581 2892 veniendi
602 2829 635 2890 in
660 2827 873 2905 altitudinem,
896 2831 930 2892 in
952 2827 1064 2915 τωξεκ,
1089 2851 1172 2914 quae
1190 2851 1289 2916 supra
1305 2853 1395 2907 eum,
1421 2852 1509 2916 quae
1532 2856 1554 2895 rr

429 2953 507 3004 sunt
528 2937 627 3030 τιξεις
650 2964 763 3006 ornnes
786 2961 969 3028 χωρηματος
990 2941 1183 3019 Ineffabilis,
1210 2957 1244 3008 et
1267 2947 1322 3031 qui
1346 2949 1510 3031 acceperit

426 3079 585 3140 'sumptos
607 3055 740 3148 secundi
762 3082 987 3140 τριπνευματου,
1011 3070 1062 3122 est
1084 3060 1113 3122 ei
1137 3055 1258 3146 εξουσια
1281 3057 1378 3123 eundi
1400 3061 1435 3122 in
1450 3086 1508 3124 τι·

427 3164 486 3258 lus
509 3191 621 3234 omnes
644 3171 742 3256 primi
765 3194 989 3254 τριπνευμιτου,
1013 3184 1047 3235 et
1068 3171 1289 3258 perlustrandi
1310 3195 1364 3237 eas
1381 3195 1508 3250 ornnes,

429 3294 462 3346 et
485 3305 599 3348 eorum
622 3281 721 3370 ταξεις
745 3305 874 3362 omnes,
905 3307 988 3371 quae
1012 3298 1089 3349 sunt
1111 3288 1145 3349 in
1167 3289 1220 3363 iis,
1252 3299 1341 3352 αλλω
1364 3301 1510 3352 nonest

428 3398 458 3459 ei
481 3393 601 3484 εξουσια
616 3396 767 3462 veniendi
789 3401 823 3461 in
845 3395 943 3486 ταξεις
966 3397 1145 3464 altitudinis
1168 3403 1256 3465 tertii
1278 3427 1508 3484 τριπνευματιυ,
1532 3429 1553 3468 u

313 3501 389 3577 205
429 3518 463 3569 ei
485 3509 541 3591 qul
565 3512 725 3595 acceperit
746 3536 902 3592 μυστηριον
926 3517 1013 3578 tertii
1034 3540 1260 3599 epitameron,
1285 3518 1341 3601 qul
1363 3519 1511 3602 pertinet

429 3615 472 3680 ad
494 3621 557 3681 tria
579 3643 783 3704 τριπνευματα
807 3637 840 3687 et
861 3628 924 3689 tria
950 3653 1140 3710 χωρηματι,
1171 3633 1263 3694 iuxta
1294 3653 1328 3694 se
1355 3632 1510 3706 invicem,

427 3733 525 3819 primi
547 3757 718 3815 μυστηριου,
743 3749 834 3803 atta
856 3760 924 3803 non
947 3755 997 3805 est
1020 3745 1048 3806 ei
1072 3740 1192 3831 ιξουσια
1215 3743 1313 3808 eundi
1336 3747 1368 3808 in
1393 3745 1509 3809 altitu-

428 3843 539 3912 dinem
559 3851 594 3911 in
615 3844 726 3938 τιξεις,
757 3873 840 3937 quae
864 3875 963 3941 supra
986 3878 1077 3933 eum,
1107 3879 1192 3944 quae
1216 3872 1294 3922 sunt
1314 3855 1413 3948 ταξεις
1436 3885 1509 3941 χω-

332 3956 367 3996 '⁵‘
424 3987 556 4048 ρημιτος
569 3962 760 4042 lneffabilis3
785 3970 889 4053 etqui
907 3973 1068 4056 acceperit
1082 3971 1214 4040 endenses
1232 3999 1389 4056 μυτπιρων
1404 3975 1507 4060 primi
1532 3999 1554 4038 rr

424 4100 603 4161 μυστηριου,
632 4077 822 4157 lneffabilis,
853 4084 908 4167 qui
936 4083 1024 4148 idem
1051 4098 1114 4150 est:
1146 4083 1319 4150 duodecim
1342 4113 1507 4169 μυπηρια,

424 4189 517 4252 iuxta
547 4211 580 4254 se
607 4193 761 4271 invicem,
791 4198 889 4282 prirui
910 4223 1085 4284 μυπηριου,
1109 4222 1193 4286 quae
1216 4204 1381 4288 pertinent
1403 4223 1507 4290 super

424 4323 600 4387 κωρπματω
634 4311 744 4372 omnia
777 4311 874 4395 primi
908 4337 1069 4400 μυστηριου
1093 4351 1130 4363 -
1166 4317 1222 4400 qui
1257 4318 1419 4405 acceperit
1454 4342 1506 4382 oua

423 4435 582 4501 μυπηριον
604 4416 699 4497 illud,
729 4435 779 4488 est
807 4425 837 4488 ei
863 4421 985 4516 ιξουσια.
1012 4427 1234 4518 perlustrandi
1260 4427 1358 4521 ταξιις
1386 4451 1505 4497 ornnes
