3296 5354
932 458 977 524 72

417 657 468 711 est
488 646 539 710 vis
562 663 638 707 erun
661 639 743 705 facie
765 639 879 716 leonis,
902 657 986 724 quae
1008 635 1098 701 haud
1121 633 1235 702 latebit
1256 647 1289 700 te
1306 638 1396 702 omni
1410 649 1486 700 ten-

416 780 508 847 pore,
532 755 623 844 quod
646 753 797 820 descendi
818 764 955 840 propter
977 773 1065 827 cam,
1089 764 1188 837 atque
1211 773 1271 838 ego
1287 749 1488 837 repafiefim

417 872 489 938 sola
510 874 545 935 iu
568 894 709 956 anparere,
734 889 875 954 quorum
897 869 932 929 in
954 891 1034 952 τοπῳ
1050 887 1132 928 sum.
1171 863 1314 930 Decendi
1328 867 1363 927 in
1381 863 1488 940 chaos3

417 985 626 1072 παραβεβηκα
655 1005 766 1060 coram
792 995 842 1058 te,
877 993 915 1044 ut
942 993 1038 1044 tuum
1069 990 1230 1042 statutmn
1256 976 1489 1066 perficeretur?

417 1101 507 1166 Haeo
529 1100 629 1186 igitur
655 1096 766 1159 locuta
794 1107 844 1159 est
873 1119 969 1164 πιστις
987 1101 1094 1180 repro.
1138 1091 1231 1155 Nunc
1260 1094 1373 1178 igitur,
1402 1093 1490 1154 euius
1531 1117 1544 1154 r

417 1237 540 1296 πνευμιι
567 1211 709 1274 moverit
736 1230 826 1284 eum,
862 1220 902 1271 ιιι
930 1231 1014 1296 venep
1045 1208 1114 1270 eius
1149 1204 1248 1281 dicta,
1278 1203 1492 1292 progreditur,

418 1339 458 1392 ut
478 1322 627 1412 proferat
650 1324 719 1386 eius
744 1348 849 1404 crepa.
886 1320 1063 1406 Progressa
1085 1319 1214 1382 Martha
1236 1317 1330 1382 dixit:
1354 1317 1492 1393 domine,

418 1459 532 1505 meum
553 1461 676 1520 πνευμιι
697 1437 803 1501 movit
824 1456 887 1510 me,
909 1447 949 1497 ut
968 1431 1135 1520 proferam
1153 1432 1350 1496 solutionem
1364 1431 1492 1506 horum,

419 1574 504 1640 quae
528 1550 610 1615 dixit
631 1574 727 1620 πιστις
746 1558 858 1636 rodem
887 1560 946 1611 tua
972 1550 1021 1612 vis
1050 1555 1263 1633 προφητευσεν
1286 1546 1365 1611 olim
1394 1544 1434 1609 de
1454 1547 1492 1607 iis

417 1687 478 1754 per
492 1663 654 1729 Davidem
676 1667 710 1726 in
733 1664 1002 1748 quiuquagesimo
1017 1659 1149 1724 Psalmo
1163 1658 1274 1723 'dicens
1294 1659 1356 1724 hoo
1376 1657 1491 1724 modo:
1522 1685 1545 1724 ιι

420 1779 597 1858 „Miserere
619 1779 700 1854 mei,
725 1776 820 1853 deus,
843 1801 926 1842 nero
948 1796 1101 1860 magnam
1120 1786 1212 1837 tuam
1229 1773 1494 1850 misericordiam,

419 1919 503 1962 nora
527 1895 656 1980 copiam
678 1904 812 1955 tuarum
835 1891 1083 1954 miserationum
1106 1889 1272 1974 exstingue
1294 1909 1405 1951 meum
1420 1907 1495 1976 pec·

421 2021 541 2083 catum,
563 2007 640 2070 lava
662 2026 715 2069 me
738 2007 880 2068 maxime
903 2027 922 2067 a
944 2024 1019 2067 mea
1035 2027 1155 2089 ανομιᾳ,
1179 2016 1278 2086 atque
1293 2024 1405 2066 meum
1418 2021 1497 2088 pec-

375 2195 380 2218 *
421 2133 531 2184 catum
555 2140 667 2182 coram
693 2140 747 2181 me
777 2120 866 2181 omni
894 2130 1061 2204 tempore,
1090 2129 1128 2179 ut
1157 2114 1338 2180 iustificeris
1368 2119 1404 2178 in
1429 2117 1496 2178 tuis

364 3232 392 3286 ><

419 2231 538 2306 verbis,
561 2244 660 2317 atque
681 2244 721 2294 ut
741 2233 862 2306 vincas,
887 2253 990 2316 quum
1012 2229 1204 2294 indicaveris
1227 2229 1307 2294 me.''
1340 2228 1429 2292 Haec
1444 2240 1498 2291 est
1524 2253 1547 2293 ιι

421 2343 541 2410 solutio
565 2342 757 2418 verborum,
787 2365 872 2428 quae
899 2342 980 2406 dixit
1001 2369 1096 2416 τιστις
1115 2352 1221 2431 repra.
1252 2342 1362 2407 'Dixit
1389 2344 1418 2408 ei
1444 2341 1497 2406 le-

422 2480 492 2524 sus:
516 2483 599 2545 ωγε,
622 2469 739 2532 uanos,
761 2456 903 2531 Martha,
926 2482 1076 2542 genapia.

510 2570 651 2656 Pergcns
675 2568 706 2635 de
729 2569 835 2634 adhuc
858 2569 947 2634 lesus
970 2573 1005 2634 in
1028 2592 1177 2636 sermone
1205 2568 1286 2634 dixit
1308 2573 1373 2634 suis
1397 2565 1498 2656 padn-

420 2707 499 2756 rare:
527 2683 665 2747 Factum
687 2687 786 2770 igitur
809 2697 871 2760 est,
901 2707 1003 2770 quum
1027 2711 1123 2756 τιστις
1141 2693 1238 2770 ropac
1262 2682 1394 2747 dixisset
1415 2683 1499 2746 haec

420 2796 532 2874 verba,
556 2797 728 2885 impletum
752 2811 801 2862 est
817 2811 955 2885 tempus,
979 2812 1017 2862 ιιι
1033 2797 1190 2863 ducerent
1209 2820 1340 2862 sursum
1354 2800 1388 2861 in
1404 2797 1497 2872 chao,
1523 2825 1549 2865 n

422 2921 523 2997 atque
546 2936 566 2978 a
588 2935 641 2977 me
662 2915 752 2999 ipsc,
778 2937 870 2999 χωρις
892 2914 989 2999 primi
1010 2939 1181 2997 μυστηριου,
1210 2910 1288 2976 duxi
1309 2913 1377 2976 vim
1398 2910 1498 2974 lumi-

419 3029 471 3092 nis
496 3048 514 3092 e
541 3049 609 3103 me,
637 3029 711 3093 misi
740 3049 812 3092 eam
840 3030 874 3090 in
904 3026 1015 3102 chaos,
1046 3039 1084 3089 ut
1110 3026 1243 3091 duceret
1270 3051 1365 3094 πιστιν
1384 3031 1499 3113 rodaco

422 3161 554 3206 sursum
575 3143 611 3204 in
631 3167 730 3211 τοποις
750 3138 923 3228 profundis
948 3140 1060 3216 chaus,
1094 3153 1133 3204 ιιι
1160 3139 1332 3205 duceretur
1354 3143 1389 3204 in
1410 3165 1500 3208 τοπιν

422 3257 626 3343 superiorem
649 3255 762 3330 chaus,
796 3253 1004 3339 usquedum
1031 3267 1166 3325 κελευσις
1188 3256 1314 3320 venerit
1342 3277 1362 3318 a
1387 3256 1496 3341 primo

421 3395 589 3456 μυστηριῳ,
612 3382 651 3432 ιιι
674 3367 830 3432 ducerent
852 3389 925 3432 eam
948 3390 1080 3432 sursum
1101 3371 1135 3432 in
1159 3370 1240 3434 chao
1265 3371 1408 3434 omnino.
1452 3368 1499 3433 Et
1524 3395 1547 3436 s

306 3545 310 3553 ,
421 3502 498 3546 mea
518 3485 568 3545 vis
590 3480 721 3545 luminis
745 3480 838 3544 duxit
860 3491 1086 3570 remerendam
1110 3505 1240 3547 sursum
1259 3486 1294 3554 in
1312 3507 1419 3552 τοπιυς
1441 3505 1497 3546 su-

422 3595 569 3680 periores
601 3593 709 3656 chaus.
767 3592 904 3657 Factum
934 3597 1033 3681 igitur
1065 3609 1114 3660 est
1122 3632 1133 3673 ,·
1166 3619 1268 3682 quum
1303 3609 1498 3684 cognossent

420 3705 571 3794 προβιλιιι
596 3703 758 3783 eododem,
789 3706 922 3771 ductam
951 3729 1021 3773 esse
1049 3735 1144 3777 atrro
1163 3720 1275 3797 σοφιαιν
1303 3733 1435 3777 sursum
1462 3714 1497 3774 in

420 3845 528 3893 τοπους
551 3823 735 3909 superiores
759 3821 871 3898 chaus,
901 3837 1092 3910 persecutae
1120 3838 1196 3888 sunt
1224 3847 1297 3889 eam
1324 3828 1359 3889 in
1387 3825 1497 3889 altitu·

423 3933 546 4013 dinem,
575 3935 723 4003 volentes
747 3959 875 4002 sumere
898 3958 971 4001 eam
998 3961 1113 4003 rursus
1139 3941 1175 4001 in
1196 3965 1303 4011 τοπους
1325 3940 1424 4004 chaus
1446 3941 1496 4003 iu·
1522 3965 1546 4005 a

422 4049 567 4116 seriores.
612 4051 657 4118 Et
680 4051 872 4140 splendebat
895 4055 1035 4118 maxime
1058 4075 1132 4118 mea
1156 4056 1204 4118 vis
1226 4053 1372 4131 luminis,
1397 4075 1498 4140 quam

422 4166 498 4230 misi
521 4173 618 4254 redigt
646 4167 682 4230 in
711 4167 819 4232 chaos.
871 4165 1009 4232 Factum
1036 4170 1134 4256 igitur
1164 4181 1228 4244 est,
1259 4190 1362 4257 quum
1386 4189 1496 4256 perse·

477 4359 478 4362 ‘
504 4385 536 4449 7.
558 4389 678 4454 romae
699 4393 754 4471 (mr
775 4393 963 4474 dominer.)
1005 4395 1054 4456 ao.
1076 4349 1219 4458 arcerent
1237 4395 1318 4476 (ιιι.
1341 4416 1405 4457 eam
1424 4392 1476 4472 r.)
