<?xml version="1.0" encoding="UTF-8"?>
<!DOCTYPE html PUBLIC "-//W3C//DTD XHTML 1.0 Transitional//EN"
    "http://www.w3.org/TR/xhtml1/DTD/xhtml1-transitional.dtd">
<html xmlns="http://www.w3.org/1999/xhtml" xml:lang="en" lang="en">
 <head>
  <title>
</title>
<meta http-equiv="Content-Type" content="text/html;charset=utf-8" />
  <meta name='ocr-system' content='tesseract 3.04.00' />
  <meta name='ocr-capabilities' content='ocr_page ocr_carea ocr_par ocr_line ocrx_word'/>
</head>
<body>
  <div class='ocr_page' id='page_1' title='image "./pistissophiaopu00petegoog_0436.png"; bbox 0 0 3296 5354; ppageno 0'>
   <div class='ocr_carea' id='block_1_1' title="bbox 695 487 716 554">
    <p class='ocr_par' dir='ltr' id='par_1_1' title="bbox 695 487 716 554">
     <span class='ocr_line' id='line_1_1' title="bbox 695 487 716 554; baseline 0 0"><span class='ocrx_word' id='word_1_1' title='bbox 695 487 716 554; x_wconf 86' lang='lat'>5</span> 
     </span>
    </p>
   </div>
   <div class='ocr_carea' id='block_1_2' title="bbox 123 655 1245 3593">
    <p class='ocr_par' dir='ltr' id='par_1_2' title="bbox 164 655 1243 760">
     <span class='ocr_line' id='line_1_2' title="bbox 164 655 1243 760; baseline 0.003 -24"><span class='ocrx_word' id='word_1_2' title='bbox 164 692 258 759; x_wconf 87' lang='lat' dir='ltr'><strong>pere,</strong></span> <span class='ocrx_word' id='word_1_3' title='bbox 280 667 405 734; x_wconf 88' lang='lat' dir='ltr'><strong>lumine</strong></span> <span class='ocrx_word' id='word_1_4' title='bbox 427 669 598 732; x_wconf 87' lang='lat' dir='ltr'><strong>immenso.</strong></span> <span class='ocrx_word' id='word_1_5' title='bbox 638 665 748 754; x_wconf 83' lang='lat' dir='ltr'>Atque</span> <span class='ocrx_word' id='word_1_6' title='bbox 770 665 904 755; x_wconf 68' lang='grc' dir='ltr'><strong>μαθηται</strong></span> <span class='ocrx_word' id='word_1_7' title='bbox 926 655 1035 736; x_wconf 86' lang='lat' dir='ltr'><strong>intuiti</strong></span> <span class='ocrx_word' id='word_1_8' title='bbox 1059 687 1136 738; x_wconf 89' lang='lat' dir='ltr'><strong>sunt</strong></span> <span class='ocrx_word' id='word_1_9' title='bbox 1157 695 1243 760; x_wconf 90' lang='lat' dir='ltr'><strong>pone</strong></span> 
     </span>
    </p>

    <p class='ocr_par' dir='ltr' id='par_1_3' title="bbox 166 780 1243 869">
     <span class='ocr_line' id='line_1_3' title="bbox 166 780 1243 869; baseline 0.004 -21"><span class='ocrx_word' id='word_1_10' title='bbox 166 806 259 860; x_wconf 86' lang='lat' dir='ltr'><strong>eum,</strong></span> <span class='ocrx_word' id='word_1_11' title='bbox 289 782 379 847; x_wconf 90' lang='lat' dir='ltr'><strong>nullo</strong></span> <span class='ocrx_word' id='word_1_12' title='bbox 405 803 521 848; x_wconf 89' lang='lat' dir='ltr'><strong>eorum</strong></span> <span class='ocrx_word' id='word_1_13' title='bbox 546 780 717 867; x_wconf 86' lang='lat' dir='ltr'>loquente,</span> <span class='ocrx_word' id='word_1_14' title='bbox 748 805 853 869; x_wconf 90' lang='lat' dir='ltr'><strong>usque</strong></span> <span class='ocrx_word' id='word_1_15' title='bbox 884 782 963 849; x_wconf 91' lang='lat' dir='ltr'><strong>dum</strong></span> <span class='ocrx_word' id='word_1_16' title='bbox 990 784 1080 850; x_wconf 90' lang='lat' dir='ltr'><strong>Iesus</strong></span> <span class='ocrx_word' id='word_1_17' title='bbox 1110 785 1243 852; x_wconf 88' lang='lat' dir='ltr'><strong>adscen-</strong></span> 
     </span>
    </p>

    <p class='ocr_par' dir='ltr' id='par_1_4' title="bbox 167 895 1245 992">
     <span class='ocr_line' id='line_1_4' title="bbox 167 895 1245 992; baseline 0.002 -28"><span class='ocrx_word' id='word_1_18' title='bbox 167 897 274 992; x_wconf 31' lang='lat' dir='ltr'><strong>deret·</strong></span> <span class='ocrx_word' id='word_1_19' title='bbox 288 900 322 961; x_wconf 92' lang='lat' dir='ltr'><strong>in</strong></span> <span class='ocrx_word' id='word_1_20' title='bbox 353 896 489 961; x_wconf 89' lang='lat' dir='ltr'><strong>caelum.</strong></span> <span class='ocrx_word' id='word_1_21' title='bbox 545 895 611 960; x_wconf 90' lang='lat' dir='ltr'><strong>Sed</strong></span> <span class='ocrx_word' id='word_1_22' title='bbox 642 900 760 981; x_wconf 69' lang='grc' dir='ltr'>(αλλω)</span> <span class='ocrx_word' id='word_1_23' title='bbox 791 910 885 962; x_wconf 88' lang='lat' dir='ltr'><strong>erant</strong></span> <span class='ocrx_word' id='word_1_24' title='bbox 917 920 1031 964; x_wconf 86' lang='lat' dir='ltr'><strong>omnes</strong></span> <span class='ocrx_word' id='word_1_25' title='bbox 1061 902 1095 963; x_wconf 90' lang='lat' dir='ltr'><strong>in</strong></span> <span class='ocrx_word' id='word_1_26' title='bbox 1126 924 1245 988; x_wconf 82' lang='lat' dir='ltr'><strong>magna</strong></span> 
     </span>
    </p>

    <p class='ocr_par' dir='ltr' id='par_1_5' title="bbox 135 1009 1243 1212">
     <span class='ocr_line' id='line_1_5' title="bbox 166 1009 1243 1102; baseline 0.005 -26"><span class='ocrx_word' id='word_1_27' title='bbox 166 1039 246 1102; x_wconf 63' lang='grc' dir='ltr'><strong>σιγῃ.</strong></span> <span class='ocrx_word' id='word_1_28' title='bbox 292 1011 380 1075; x_wconf 91' lang='lat' dir='ltr'><strong>Haeo</strong></span> <span class='ocrx_word' id='word_1_29' title='bbox 403 1014 502 1097; x_wconf 86' lang='lat' dir='ltr'><strong>igitur</strong></span> <span class='ocrx_word' id='word_1_30' title='bbox 528 1009 617 1074; x_wconf 84' lang='lat' dir='ltr'><strong>facta</strong></span> <span class='ocrx_word' id='word_1_31' title='bbox 644 1022 721 1074; x_wconf 86' lang='lat' dir='ltr'><strong>sunt</strong></span> <span class='ocrx_word' id='word_1_32' title='bbox 744 1009 870 1076; x_wconf 89' lang='lat' dir='ltr'><strong>decimo</strong></span> <span class='ocrx_word' id='word_1_33' title='bbox 901 1015 1015 1098; x_wconf 89' lang='lat' dir='ltr'><strong>quinto</strong></span> <span class='ocrx_word' id='word_1_34' title='bbox 1039 1013 1152 1092; x_wconf 89' lang='lat' dir='ltr'><strong>lunae,</strong></span> <span class='ocrx_word' id='word_1_35' title='bbox 1182 1013 1243 1091; x_wconf 88' lang='lat' dir='ltr'><strong>dic,</strong></span> 
     </span>
     <span class='ocr_line' id='line_1_6' title="bbox 135 1120 674 1212; baseline -0.002 -23"><span class='ocrx_word' id='word_1_36' title='bbox 135 1150 148 1189; x_wconf 85' lang='lat' dir='ltr'><strong>s</strong></span> <span class='ocrx_word' id='word_1_37' title='bbox 167 1148 234 1212; x_wconf 90' lang='lat' dir='ltr'><strong>quo</strong></span> <span class='ocrx_word' id='word_1_38' title='bbox 257 1124 413 1212; x_wconf 86' lang='lat' dir='ltr'><strong>impletur</strong></span> <span class='ocrx_word' id='word_1_39' title='bbox 435 1145 546 1188; x_wconf 89' lang='lat' dir='ltr'><strong>mense</strong></span> <span class='ocrx_word' id='word_1_40' title='bbox 569 1120 674 1188; x_wconf 90' lang='lat' dir='ltr'><strong>Tobe.</strong></span> 
     </span>
    </p>

    <p class='ocr_par' dir='ltr' id='par_1_6' title="bbox 166 1236 1244 1671">
     <span class='ocr_line' id='line_1_7' title="bbox 255 1236 1243 1324; baseline 0.004 -22"><span class='ocrx_word' id='word_1_41' title='bbox 255 1239 393 1302; x_wconf 89' lang='lat' dir='ltr'><strong>Factum</strong></span> <span class='ocrx_word' id='word_1_42' title='bbox 416 1240 515 1324; x_wconf 81' lang='lat' dir='ltr'><strong>igitur</strong></span> <span class='ocrx_word' id='word_1_43' title='bbox 539 1251 602 1314; x_wconf 90' lang='lat' dir='ltr'><strong>est,</strong></span> <span class='ocrx_word' id='word_1_44' title='bbox 633 1260 736 1324; x_wconf 88' lang='lat' dir='ltr'><strong>quum</strong></span> <span class='ocrx_word' id='word_1_45' title='bbox 757 1236 847 1304; x_wconf 90' lang='lat' dir='ltr'><strong>lesus</strong></span> <span class='ocrx_word' id='word_1_46' title='bbox 871 1238 1092 1305; x_wconf 80' lang='lat' dir='ltr'><strong>adscendisset</strong></span> <span class='ocrx_word' id='word_1_47' title='bbox 1113 1242 1147 1305; x_wconf 91' lang='lat' dir='ltr'><strong>in</strong></span> <span class='ocrx_word' id='word_1_48' title='bbox 1171 1263 1243 1306; x_wconf 91' lang='lat' dir='ltr'><strong>cae·</strong></span> 
     </span>
     <span class='ocr_line' id='line_1_8' title="bbox 166 1351 1242 1440; baseline 0.003 -23"><span class='ocrx_word' id='word_1_49' title='bbox 166 1352 237 1417; x_wconf 91' lang='lat' dir='ltr'><strong>lum</strong></span> <span class='ocrx_word' id='word_1_50' title='bbox 265 1365 342 1440; x_wconf 91' lang='lat' dir='ltr'><strong>post</strong></span> <span class='ocrx_word' id='word_1_51' title='bbox 372 1354 504 1416; x_wconf 78' lang='lat' dir='ltr'><strong>tertiam</strong></span> <span class='ocrx_word' id='word_1_52' title='bbox 536 1351 670 1429; x_wconf 88' lang='lat' dir='ltr'><strong>horam,</strong></span> <span class='ocrx_word' id='word_1_53' title='bbox 706 1351 873 1418; x_wconf 88' lang='lat' dir='ltr'><strong>turbatae.</strong></span> <span class='ocrx_word' id='word_1_54' title='bbox 897 1366 973 1419; x_wconf 93' lang='lat' dir='ltr'><strong>sunt</strong></span> <span class='ocrx_word' id='word_1_55' title='bbox 1010 1377 1123 1419; x_wconf 88' lang='lat' dir='ltr'><strong>omnes</strong></span> <span class='ocrx_word' id='word_1_56' title='bbox 1155 1359 1242 1420; x_wconf 87' lang='lat' dir='ltr'><strong>vires</strong></span> 
     </span>
     <span class='ocr_line' id='line_1_9' title="bbox 169 1467 1243 1552; baseline 0.004 -22"><span class='ocrx_word' id='word_1_57' title='bbox 169 1467 334 1531; x_wconf 86' lang='lat' dir='ltr'><strong>caelorum</strong></span> <span class='ocrx_word' id='word_1_58' title='bbox 358 1480 391 1531; x_wconf 93' lang='lat' dir='ltr'><strong>et</strong></span> <span class='ocrx_word' id='word_1_59' title='bbox 414 1469 554 1552; x_wconf 82' lang='lat' dir='ltr'><strong>agitatae</strong></span> <span class='ocrx_word' id='word_1_60' title='bbox 578 1479 655 1530; x_wconf 91' lang='lat' dir='ltr'><strong>sunt</strong></span> <span class='ocrx_word' id='word_1_61' title='bbox 678 1489 791 1531; x_wconf 90' lang='lat' dir='ltr'><strong>omnes</strong></span> <span class='ocrx_word' id='word_1_62' title='bbox 814 1471 899 1532; x_wconf 91' lang='lat' dir='ltr'><strong>inter</strong></span> <span class='ocrx_word' id='word_1_63' title='bbox 923 1471 1135 1546; x_wconf 86' lang='lat' dir='ltr'><strong>seinvicem,</strong></span> <span class='ocrx_word' id='word_1_64' title='bbox 1161 1473 1243 1535; x_wconf 87' lang='lat' dir='ltr'><strong>istae</strong></span> 
     </span>
     <span class='ocr_line' id='line_1_10' title="bbox 170 1597 1244 1671; baseline 0.005 -27"><span class='ocrx_word' id='word_1_65' title='bbox 170 1603 348 1667; x_wconf 89' lang='lat' dir='ltr'><strong>earumque</strong></span> <span class='ocrx_word' id='word_1_66' title='bbox 379 1606 477 1651; x_wconf 68' lang='lat' dir='ltr'><strong>cauves</strong></span> <span class='ocrx_word' id='word_1_67' title='bbox 509 1602 637 1656; x_wconf 89' lang='lat' dir='ltr'><strong>omnes,</strong></span> <span class='ocrx_word' id='word_1_68' title='bbox 674 1603 854 1666; x_wconf 88' lang='lat' dir='ltr'><strong>earumque</strong></span> <span class='ocrx_word' id='word_1_69' title='bbox 886 1609 968 1647; x_wconf 74' lang='grc' dir='ltr'>τοποι</span> <span class='ocrx_word' id='word_1_70' title='bbox 998 1604 1111 1647; x_wconf 89' lang='lat' dir='ltr'><strong>omnes</strong></span> <span class='ocrx_word' id='word_1_71' title='bbox 1144 1597 1244 1671; x_wconf 88' lang='lat' dir='ltr'><strong>atque</strong></span> 
     </span>
    </p>

    <p class='ocr_par' dir='ltr' id='par_1_7' title="bbox 123 1690 1245 3593">
     <span class='ocr_line' id='line_1_11' title="bbox 123 1690 1242 1780; baseline -0.002 -18"><span class='ocrx_word' id='word_1_72' title='bbox 123 1721 151 1762; x_wconf 79' lang='lat' dir='ltr'><strong>io</strong></span> <span class='ocrx_word' id='word_1_73' title='bbox 170 1698 267 1760; x_wconf 90' lang='lat' dir='ltr'><strong>etiam</strong></span> <span class='ocrx_word' id='word_1_74' title='bbox 299 1717 413 1759; x_wconf 90' lang='lat' dir='ltr'><strong>earum</strong></span> <span class='ocrx_word' id='word_1_75' title='bbox 442 1690 540 1780; x_wconf 72' lang='grc' dir='ltr'>ταξεις</span> <span class='ocrx_word' id='word_1_76' title='bbox 570 1716 698 1769; x_wconf 87' lang='lat' dir='ltr'><strong>omnes,</strong></span> <span class='ocrx_word' id='word_1_77' title='bbox 734 1707 832 1780; x_wconf 89' lang='lat' dir='ltr'><strong>atque</strong></span> <span class='ocrx_word' id='word_1_78' title='bbox 862 1709 952 1759; x_wconf 88' lang='lat' dir='ltr'><strong>terra</strong></span> <span class='ocrx_word' id='word_1_79' title='bbox 982 1710 1147 1761; x_wconf 91' lang='lat' dir='ltr'><strong>commota</strong></span> <span class='ocrx_word' id='word_1_80' title='bbox 1178 1711 1242 1774; x_wconf 89' lang='lat' dir='ltr'><strong>est,</strong></span> 
     </span>
     <span class='ocr_line' id='line_1_12' title="bbox 167 1807 1245 1897; baseline 0.001 -23"><span class='ocrx_word' id='word_1_81' title='bbox 167 1832 227 1875; x_wconf 90' lang='lat' dir='ltr'><strong>nec</strong></span> <span class='ocrx_word' id='word_1_82' title='bbox 256 1833 324 1874; x_wconf 90' lang='lat' dir='ltr'><strong>non</strong></span> <span class='ocrx_word' id='word_1_83' title='bbox 353 1807 571 1874; x_wconf 86' lang='lat' dir='ltr'><strong>inhabitantes</strong></span> <span class='ocrx_word' id='word_1_84' title='bbox 604 1830 677 1873; x_wconf 89' lang='lat' dir='ltr'><strong>eam</strong></span> <span class='ocrx_word' id='word_1_85' title='bbox 708 1812 824 1871; x_wconf 89' lang='lat' dir='ltr'><strong>cuncti.</strong></span> <span class='ocrx_word' id='word_1_86' title='bbox 876 1809 921 1872; x_wconf 89' lang='lat' dir='ltr'><strong>Et</strong></span> <span class='ocrx_word' id='word_1_87' title='bbox 954 1809 1137 1897; x_wconf 87' lang='lat' dir='ltr'><strong>perturbati</strong></span> <span class='ocrx_word' id='word_1_88' title='bbox 1168 1826 1245 1877; x_wconf 90' lang='lat' dir='ltr'><strong>sunt</strong></span> 
     </span>
     <span class='ocr_line' id='line_1_13' title="bbox 166 1921 1245 2011; baseline 0 -22"><span class='ocrx_word' id='word_1_89' title='bbox 166 1925 316 1990; x_wconf 89' lang='lat' dir='ltr'><strong>homines</strong></span> <span class='ocrx_word' id='word_1_90' title='bbox 341 1946 454 1988; x_wconf 91' lang='lat' dir='ltr'><strong>omnes</strong></span> <span class='ocrx_word' id='word_1_91' title='bbox 477 1925 511 1986; x_wconf 93' lang='lat' dir='ltr'><strong>in</strong></span> <span class='ocrx_word' id='word_1_92' title='bbox 534 1950 641 2008; x_wconf 69' lang='grc' dir='ltr'><strong><em>κισμῳ</em></strong></span> <span class='ocrx_word' id='word_1_93' title='bbox 666 1937 764 2009; x_wconf 89' lang='lat' dir='ltr'><strong>atque</strong></span> <span class='ocrx_word' id='word_1_94' title='bbox 790 1925 888 1986; x_wconf 86' lang='lat' dir='ltr'><strong>etiam</strong></span> <span class='ocrx_word' id='word_1_95' title='bbox 902 1921 1047 2008; x_wconf 65' lang='grc' dir='ltr'><strong>μαθηται,</strong></span> <span class='ocrx_word' id='word_1_96' title='bbox 1072 1937 1104 1988; x_wconf 92' lang='lat' dir='ltr'><strong>et</strong></span> <span class='ocrx_word' id='word_1_97' title='bbox 1121 1927 1245 2011; x_wconf 89' lang='lat' dir='ltr'><strong>opinati</strong></span> 
     </span>
     <span class='ocr_line' id='line_1_14' title="bbox 170 2035 1245 2125; baseline 0.001 -23"><span class='ocrx_word' id='word_1_98' title='bbox 170 2052 248 2102; x_wconf 90' lang='lat' dir='ltr'><strong>sunt</strong></span> <span class='ocrx_word' id='word_1_99' title='bbox 271 2061 397 2115; x_wconf 88' lang='lat' dir='ltr'><strong>omnes,</strong></span> <span class='ocrx_word' id='word_1_100' title='bbox 424 2060 506 2101; x_wconf 89' lang='lat' dir='ltr'><strong>num</strong></span> <span class='ocrx_word' id='word_1_101' title='bbox 529 2036 668 2101; x_wconf 85' lang='lat' dir='ltr'><strong>forsitan</strong></span> <span class='ocrx_word' id='word_1_102' title='bbox 692 2035 943 2101; x_wconf 83' lang='lat' dir='ltr'><strong>convolveretur</strong></span> <span class='ocrx_word' id='word_1_103' title='bbox 965 2062 1086 2122; x_wconf 75' lang='grc' dir='ltr'><strong>κοσμος.</strong></span> <span class='ocrx_word' id='word_1_104' title='bbox 1130 2038 1245 2125; x_wconf 87' lang='lat' dir='ltr'><strong>Neque</strong></span> 
     </span>
     <span class='ocr_line' id='line_1_15' title="bbox 170 2149 1244 2238; baseline 0.004 -23"><span class='ocrx_word' id='word_1_105' title='bbox 170 2151 336 2217; x_wconf 90' lang='lat' dir='ltr'><strong>desierunt</strong></span> <span class='ocrx_word' id='word_1_106' title='bbox 356 2155 443 2218; x_wconf 86' lang='lat' dir='ltr'><strong>vires</strong></span> <span class='ocrx_word' id='word_1_107' title='bbox 467 2173 596 2228; x_wconf 88' lang='lat' dir='ltr'><strong>omnes,</strong></span> <span class='ocrx_word' id='word_1_108' title='bbox 629 2153 770 2238; x_wconf 87' lang='lat' dir='ltr'><strong>quaein</strong></span> <span class='ocrx_word' id='word_1_109' title='bbox 799 2151 903 2228; x_wconf 87' lang='lat' dir='ltr'><strong>caelo,</strong></span> <span class='ocrx_word' id='word_1_110' title='bbox 936 2149 1139 2229; x_wconf 85' lang='lat' dir='ltr'><strong>conturbari,</strong></span> <span class='ocrx_word' id='word_1_111' title='bbox 1169 2153 1244 2219; x_wconf 87' lang='lat' dir='ltr'><strong>illae</strong></span> 
     </span>
     <span class='ocr_line' id='line_1_16' title="bbox 126 2269 1242 2354; baseline 0 -22"><span class='ocrx_word' id='word_1_112' title='bbox 126 2293 152 2332; x_wconf 85' lang='lat' dir='ltr'><strong>rs</strong></span> <span class='ocrx_word' id='word_1_113' title='bbox 172 2279 206 2330; x_wconf 88' lang='lat' dir='ltr'><strong>et</strong></span> <span class='ocrx_word' id='word_1_114' title='bbox 227 2292 338 2351; x_wconf 74' lang='grc' dir='ltr'><strong><em>κοσμος</em></strong></span> <span class='ocrx_word' id='word_1_115' title='bbox 360 2279 466 2342; x_wconf 90' lang='lat' dir='ltr'><strong>totus,</strong></span> <span class='ocrx_word' id='word_1_116' title='bbox 497 2280 530 2330; x_wconf 86' lang='lat' dir='ltr'><strong>et</strong></span> <span class='ocrx_word' id='word_1_117' title='bbox 552 2278 737 2329; x_wconf 90' lang='lat' dir='ltr'><strong>commotae</strong></span> <span class='ocrx_word' id='word_1_118' title='bbox 760 2278 838 2329; x_wconf 90' lang='lat' dir='ltr'><strong>sunt</strong></span> <span class='ocrx_word' id='word_1_119' title='bbox 860 2287 973 2330; x_wconf 89' lang='lat' dir='ltr'><strong>omnes</strong></span> <span class='ocrx_word' id='word_1_120' title='bbox 1003 2288 1102 2354; x_wconf 86' lang='lat' dir='ltr'><strong>super</strong></span> <span class='ocrx_word' id='word_1_121' title='bbox 1131 2289 1164 2331; x_wconf 92' lang='lat' dir='ltr'><strong>se</strong></span> <span class='ocrx_word' id='word_1_122' title='bbox 1193 2269 1242 2332; x_wconf 90' lang='lat' dir='ltr'><strong>iu-</strong></span> 
     </span>
     <span class='ocr_line' id='line_1_17' title="bbox 167 2378 1242 2465; baseline 0.001 -21"><span class='ocrx_word' id='word_1_123' title='bbox 167 2385 274 2446; x_wconf 88' lang='lat' dir='ltr'><strong>vicem</strong></span> <span class='ocrx_word' id='word_1_124' title='bbox 294 2380 370 2445; x_wconf 91' lang='lat' dir='ltr'><strong>inde</strong></span> <span class='ocrx_word' id='word_1_125' title='bbox 394 2379 435 2443; x_wconf 86' lang='lat' dir='ltr'><strong>ab</strong></span> <span class='ocrx_word' id='word_1_126' title='bbox 458 2379 541 2444; x_wconf 93' lang='lat' dir='ltr'><strong>hora</strong></span> <span class='ocrx_word' id='word_1_127' title='bbox 563 2382 659 2444; x_wconf 89' lang='lat' dir='ltr'><strong>tertia</strong></span> <span class='ocrx_word' id='word_1_128' title='bbox 683 2378 798 2443; x_wconf 89' lang='lat' dir='ltr'><strong>decimi</strong></span> <span class='ocrx_word' id='word_1_129' title='bbox 822 2381 927 2465; x_wconf 88' lang='lat' dir='ltr'><strong>quinti</strong></span> <span class='ocrx_word' id='word_1_130' title='bbox 949 2379 1047 2444; x_wconf 91' lang='lat' dir='ltr'><strong>lunae</strong></span> <span class='ocrx_word' id='word_1_131' title='bbox 1070 2379 1164 2445; x_wconf 90' lang='lat' dir='ltr'><strong>Tohe</strong></span> <span class='ocrx_word' id='word_1_132' title='bbox 1187 2403 1242 2446; x_wconf 90' lang='lat' dir='ltr'><strong>us-</strong></span> 
     </span>
     <span class='ocr_line' id='line_1_18' title="bbox 170 2492 1242 2583; baseline -0.001 -22"><span class='ocrx_word' id='word_1_133' title='bbox 170 2518 232 2583; x_wconf 88' lang='lat' dir='ltr'><strong>que</strong></span> <span class='ocrx_word' id='word_1_134' title='bbox 256 2495 299 2560; x_wconf 90' lang='lat' dir='ltr'><strong>ad</strong></span> <span class='ocrx_word' id='word_1_135' title='bbox 320 2495 438 2559; x_wconf 87' lang='lat' dir='ltr'><strong>horam</strong></span> <span class='ocrx_word' id='word_1_136' title='bbox 460 2517 583 2558; x_wconf 88' lang='lat' dir='ltr'><strong>nonam</strong></span> <span class='ocrx_word' id='word_1_137' title='bbox 607 2492 670 2558; x_wconf 88' lang='lat' dir='ltr'><strong>diei</strong></span> <span class='ocrx_word' id='word_1_138' title='bbox 693 2497 866 2579; x_wconf 88' lang='lat' dir='ltr'><strong>sequentis.</strong></span> <span class='ocrx_word' id='word_1_139' title='bbox 912 2493 957 2560; x_wconf 91' lang='lat' dir='ltr'><strong>Et</strong></span> <span class='ocrx_word' id='word_1_140' title='bbox 975 2507 1104 2582; x_wconf 69' lang='grc' dir='ltr'><strong>αγγελοι</strong></span> <span class='ocrx_word' id='word_1_141' title='bbox 1128 2517 1242 2561; x_wconf 88' lang='lat' dir='ltr'><strong>omnes</strong></span> 
     </span>
     <span class='ocr_line' id='line_1_19' title="bbox 169 2610 1242 2695; baseline 0 -21"><span class='ocrx_word' id='word_1_142' title='bbox 169 2631 348 2695; x_wconf 87' lang='lat' dir='ltr'><strong>eorumque</strong></span> <span class='ocrx_word' id='word_1_143' title='bbox 380 2621 576 2695; x_wconf 70' lang='grc' dir='ltr'><strong>αρχαιγγελω</strong></span> <span class='ocrx_word' id='word_1_144' title='bbox 608 2621 706 2693; x_wconf 87' lang='lat' dir='ltr'><strong>atque</strong></span> <span class='ocrx_word' id='word_1_145' title='bbox 738 2611 835 2672; x_wconf 90' lang='lat' dir='ltr'><strong>etiam</strong></span> <span class='ocrx_word' id='word_1_146' title='bbox 869 2612 954 2673; x_wconf 87' lang='lat' dir='ltr'><strong>vires</strong></span> <span class='ocrx_word' id='word_1_147' title='bbox 985 2631 1098 2674; x_wconf 87' lang='lat' dir='ltr'><strong>omnes</strong></span> <span class='ocrx_word' id='word_1_148' title='bbox 1132 2610 1242 2674; x_wconf 87' lang='lat' dir='ltr'><strong>altitu-</strong></span> 
     </span>
     <span class='ocr_line' id='line_1_20' title="bbox 169 2721 1243 2806; baseline 0 -18"><span class='ocrx_word' id='word_1_149' title='bbox 169 2724 251 2788; x_wconf 87' lang='lat' dir='ltr'><strong>dinis</strong></span> <span class='ocrx_word' id='word_1_150' title='bbox 281 2721 443 2788; x_wconf 89' lang='lat' dir='ltr'><strong>canebant</strong></span> <span class='ocrx_word' id='word_1_151' title='bbox 469 2725 595 2806; x_wconf 78' lang='grc' dir='ltr'><strong><em>ὑμνους,</em></strong></span> <span class='ocrx_word' id='word_1_152' title='bbox 626 2743 753 2798; x_wconf 88' lang='lat' dir='ltr'><strong>omnes,</strong></span> <span class='ocrx_word' id='word_1_153' title='bbox 783 2725 913 2786; x_wconf 88' lang='lat' dir='ltr'><strong>interno</strong></span> <span class='ocrx_word' id='word_1_154' title='bbox 944 2725 1164 2800; x_wconf 87' lang='lat' dir='ltr'><strong>internorum,</strong></span> <span class='ocrx_word' id='word_1_155' title='bbox 1195 2727 1243 2788; x_wconf 92' lang='lat' dir='ltr'><strong>ita</strong></span> 
     </span>
     <span class='ocr_line' id='line_1_21' title="bbox 124 2834 1243 2922; baseline -0.003 -19"><span class='ocrx_word' id='word_1_156' title='bbox 124 2863 152 2904; x_wconf 79' lang='lat' dir='ltr'><strong>ao</strong></span> <span class='ocrx_word' id='word_1_157' title='bbox 169 2852 207 2902; x_wconf 90' lang='lat' dir='ltr'><strong>ut</strong></span> <span class='ocrx_word' id='word_1_158' title='bbox 229 2841 315 2920; x_wconf 79' lang='grc' dir='ltr'>(ὡςε)</span> <span class='ocrx_word' id='word_1_159' title='bbox 339 2861 452 2922; x_wconf 61' lang='lat' dir='ltr'><strong>aornos</strong></span> <span class='ocrx_word' id='word_1_160' title='bbox 475 2848 564 2900; x_wconf 89' lang='lat' dir='ltr'><strong>totus</strong></span> <span class='ocrx_word' id='word_1_161' title='bbox 589 2834 717 2900; x_wconf 91' lang='lat' dir='ltr'><strong>audiret</strong></span> <span class='ocrx_word' id='word_1_162' title='bbox 741 2857 856 2899; x_wconf 90' lang='lat' dir='ltr'><strong>eorum</strong></span> <span class='ocrx_word' id='word_1_163' title='bbox 882 2857 1013 2911; x_wconf 89' lang='lat' dir='ltr'><strong>vocem,</strong></span> <span class='ocrx_word' id='word_1_164' title='bbox 1042 2836 1132 2901; x_wconf 91' lang='lat' dir='ltr'><strong>haud</strong></span> <span class='ocrx_word' id='word_1_165' title='bbox 1159 2836 1243 2902; x_wconf 88' lang='lat' dir='ltr'><strong>desi·</strong></span> 
     </span>
     <span class='ocr_line' id='line_1_22' title="bbox 168 2948 1242 3036; baseline 0 -20"><span class='ocrx_word' id='word_1_166' title='bbox 168 2955 318 3016; x_wconf 88' lang='lat' dir='ltr'><strong>nentium</strong></span> <span class='ocrx_word' id='word_1_167' title='bbox 339 2948 511 3036; x_wconf 91' lang='lat' dir='ltr'><strong>usquead</strong></span> <span class='ocrx_word' id='word_1_168' title='bbox 538 2950 655 3014; x_wconf 92' lang='lat' dir='ltr'><strong>horam</strong></span> <span class='ocrx_word' id='word_1_169' title='bbox 684 2971 807 3013; x_wconf 89' lang='lat' dir='ltr'><strong>nonam</strong></span> <span class='ocrx_word' id='word_1_170' title='bbox 837 2948 899 3012; x_wconf 90' lang='lat' dir='ltr'><strong>diei</strong></span> <span class='ocrx_word' id='word_1_171' title='bbox 924 2951 1058 3035; x_wconf 88' lang='lat' dir='ltr'><strong>posteri.</strong></span> <span class='ocrx_word' id='word_1_172' title='bbox 1102 2949 1242 3022; x_wconf 69' lang='grc' dir='ltr'><strong>Μαθηται</strong></span> 
     </span>
     <span class='ocr_line' id='line_1_23' title="bbox 170 3062 1242 3152; baseline -0.003 -23"><span class='ocrx_word' id='word_1_173' title='bbox 170 3087 251 3130; x_wconf 85' lang='lat' dir='ltr'><strong>vero</strong></span> <span class='ocrx_word' id='word_1_174' title='bbox 276 3063 432 3128; x_wconf 88' lang='lat' dir='ltr'><strong>sedebant</strong></span> <span class='ocrx_word' id='word_1_175' title='bbox 455 3062 543 3152; x_wconf 89' lang='lat' dir='ltr'><strong>apud</strong></span> <span class='ocrx_word' id='word_1_176' title='bbox 573 3066 769 3128; x_wconf 88' lang='lat' dir='ltr'><strong>seinvicem</strong></span> <span class='ocrx_word' id='word_1_177' title='bbox 799 3065 960 3136; x_wconf 88' lang='lat' dir='ltr'><strong>timentes,</strong></span> <span class='ocrx_word' id='word_1_178' title='bbox 988 3074 1087 3147; x_wconf 88' lang='lat' dir='ltr'><strong>atque</strong></span> <span class='ocrx_word' id='word_1_179' title='bbox 1111 3074 1242 3126; x_wconf 90' lang='lat' dir='ltr'><strong>contur-</strong></span> 
     </span>
     <span class='ocr_line' id='line_1_24' title="bbox 170 3172 1243 3264; baseline -0.002 -22"><span class='ocrx_word' id='word_1_180' title='bbox 170 3177 335 3243; x_wconf 85' lang='lat' dir='ltr'><strong>babantur</strong></span> <span class='ocrx_word' id='word_1_181' title='bbox 359 3201 458 3264; x_wconf 89' lang='lat' dir='ltr'><strong>quam</strong></span> <span class='ocrx_word' id='word_1_182' title='bbox 480 3182 630 3242; x_wconf 85' lang='lat' dir='ltr'><strong>maxime.</strong></span> <span class='ocrx_word' id='word_1_183' title='bbox 676 3174 853 3240; x_wconf 91' lang='lat' dir='ltr'><strong>Timebant</strong></span> <span class='ocrx_word' id='word_1_184' title='bbox 880 3188 992 3239; x_wconf 86' lang='lat' dir='ltr'><strong>autem</strong></span> <span class='ocrx_word' id='word_1_185' title='bbox 1020 3172 1078 3257; x_wconf 74' lang='lat' dir='ltr'><strong>(de)</strong></span> <span class='ocrx_word' id='word_1_186' title='bbox 1106 3190 1243 3264; x_wconf 88' lang='lat' dir='ltr'><strong>propter</strong></span> 
     </span>
     <span class='ocr_line' id='line_1_25' title="bbox 170 3289 1243 3380; baseline -0.003 -22"><span class='ocrx_word' id='word_1_187' title='bbox 170 3315 327 3380; x_wconf 81' lang='lat' dir='ltr'><strong>magnum</strong></span> <span class='ocrx_word' id='word_1_188' title='bbox 349 3306 491 3369; x_wconf 88' lang='lat' dir='ltr'><strong>motum,</strong></span> <span class='ocrx_word' id='word_1_189' title='bbox 523 3295 579 3378; x_wconf 90' lang='lat' dir='ltr'><strong>qui</strong></span> <span class='ocrx_word' id='word_1_190' title='bbox 608 3303 691 3367; x_wconf 86' lang='lat' dir='ltr'><strong>erat,</strong></span> <span class='ocrx_word' id='word_1_191' title='bbox 723 3302 820 3377; x_wconf 87' lang='lat' dir='ltr'><strong>atque</strong></span> <span class='ocrx_word' id='word_1_192' title='bbox 847 3289 1103 3355; x_wconf 89' lang='lat' dir='ltr'><strong>lacrimabantur</strong></span> <span class='ocrx_word' id='word_1_193' title='bbox 1132 3312 1243 3355; x_wconf 86' lang='lat' dir='ltr'><strong>secum</strong></span> 
     </span>
     <span class='ocr_line' id='line_1_26' title="bbox 127 3404 1243 3494; baseline -0.002 -22"><span class='ocrx_word' id='word_1_194' title='bbox 127 3432 153 3473; x_wconf 82' lang='lat' dir='ltr'><strong>as</strong></span> <span class='ocrx_word' id='word_1_195' title='bbox 170 3411 323 3484; x_wconf 76' lang='lat' dir='ltr'><strong>invicem,</strong></span> <span class='ocrx_word' id='word_1_196' title='bbox 353 3407 508 3471; x_wconf 87' lang='lat' dir='ltr'><strong>dicentes:</strong></span> <span class='ocrx_word' id='word_1_197' title='bbox 546 3405 624 3491; x_wconf 94' lang='lat' dir='ltr'><strong>quid</strong></span> <span class='ocrx_word' id='word_1_198' title='bbox 652 3405 803 3470; x_wconf 86' lang='lat' dir='ltr'><strong>futurum</strong></span> <span class='ocrx_word' id='word_1_199' title='bbox 832 3405 902 3470; x_wconf 79' lang='lat' dir='ltr'><strong>est?</strong></span> <span class='ocrx_word' id='word_1_200' title='bbox 954 3404 1122 3493; x_wconf 90' lang='lat' dir='ltr'><strong>Numquid</strong></span> <span class='ocrx_word' id='word_1_201' title='bbox 1150 3411 1243 3494; x_wconf 65' lang='grc' dir='ltr'><strong><em>σωτήρ</em></strong></span> 
     </span>
     <span class='ocr_line' id='line_1_27' title="bbox 170 3519 1243 3593; baseline -0.002 -5"><span class='ocrx_word' id='word_1_202' title='bbox 170 3523 277 3588; x_wconf 89' lang='lat' dir='ltr'><strong>solvet</strong></span> <span class='ocrx_word' id='word_1_203' title='bbox 298 3547 403 3593; x_wconf 77' lang='grc' dir='ltr'>τοπους</span> <span class='ocrx_word' id='word_1_204' title='bbox 427 3519 562 3585; x_wconf 78' lang='lat' dir='ltr'><strong>omnes?</strong></span> <span class='ocrx_word' id='word_1_205' title='bbox 592 3520 681 3584; x_wconf 92' lang='lat' dir='ltr'><strong>Haec</strong></span> <span class='ocrx_word' id='word_1_206' title='bbox 705 3519 846 3585; x_wconf 90' lang='lat' dir='ltr'><strong>dicentes</strong></span> <span class='ocrx_word' id='word_1_207' title='bbox 862 3520 1117 3587; x_wconf 84' lang='lat' dir='ltr'><strong>lacrimabantur</strong></span> <span class='ocrx_word' id='word_1_208' title='bbox 1132 3541 1243 3586; x_wconf 89' lang='lat' dir='ltr'><strong>secum</strong></span> 
     </span>
    </p>
   </div>
   <div class='ocr_carea' id='block_1_3' title="bbox 166 3632 1244 3954">
    <p class='ocr_par' dir='ltr' id='par_1_8' title="bbox 166 3632 1244 3954">
     <span class='ocr_line' id='line_1_28' title="bbox 168 3632 1244 3724; baseline -0.001 -21"><span class='ocrx_word' id='word_1_209' title='bbox 168 3641 318 3703; x_wconf 86' lang='lat' dir='ltr'><strong>invicem.</strong></span> <span class='ocrx_word' id='word_1_210' title='bbox 350 3637 442 3702; x_wconf 90' lang='lat' dir='ltr'><strong>Hora</strong></span> <span class='ocrx_word' id='word_1_211' title='bbox 465 3657 554 3699; x_wconf 90' lang='lat' dir='ltr'><strong>nona</strong></span> <span class='ocrx_word' id='word_1_212' title='bbox 578 3632 640 3699; x_wconf 91' lang='lat' dir='ltr'><strong>diei</strong></span> <span class='ocrx_word' id='word_1_213' title='bbox 662 3638 785 3724; x_wconf 89' lang='lat' dir='ltr'><strong>posteri</strong></span> <span class='ocrx_word' id='word_1_214' title='bbox 809 3635 897 3700; x_wconf 87' lang='lat' dir='ltr'><strong>caela</strong></span> <span class='ocrx_word' id='word_1_215' title='bbox 913 3649 1027 3724; x_wconf 86' lang='lat' dir='ltr'><strong>aperta</strong></span> <span class='ocrx_word' id='word_1_216' title='bbox 1043 3650 1128 3715; x_wconf 85' lang='lat' dir='ltr'><strong>sunt,</strong></span> <span class='ocrx_word' id='word_1_217' title='bbox 1144 3650 1244 3724; x_wconf 86' lang='lat' dir='ltr'><strong>atque</strong></span> 
     </span>
     <span class='ocr_line' id='line_1_29' title="bbox 166 3748 1243 3838; baseline -0.005 -20"><span class='ocrx_word' id='word_1_218' title='bbox 166 3753 323 3819; x_wconf 86' lang='lat' dir='ltr'><strong>viderunt</strong></span> <span class='ocrx_word' id='word_1_219' title='bbox 343 3752 453 3817; x_wconf 89' lang='lat' dir='ltr'><strong>Iesum</strong></span> <span class='ocrx_word' id='word_1_220' title='bbox 477 3748 742 3828; x_wconf 84' lang='lat' dir='ltr'><strong>descendentem,</strong></span> <span class='ocrx_word' id='word_1_221' title='bbox 770 3751 933 3816; x_wconf 87' lang='lat' dir='ltr'><strong>lucentem</strong></span> <span class='ocrx_word' id='word_1_222' title='bbox 964 3775 1064 3838; x_wconf 93' lang='lat' dir='ltr'><strong>quam</strong></span> <span class='ocrx_word' id='word_1_223' title='bbox 1092 3755 1243 3825; x_wconf 77' lang='lat' dir='ltr'><strong>maxime,</strong></span> 
     </span>
     <span class='ocr_line' id='line_1_30' title="bbox 167 3864 1244 3954; baseline -0.006 -24"><span class='ocrx_word' id='word_1_224' title='bbox 167 3865 279 3930; x_wconf 89' lang='lat' dir='ltr'><strong>nullus</strong></span> <span class='ocrx_word' id='word_1_225' title='bbox 301 3864 421 3930; x_wconf 85' lang='lat' dir='ltr'><strong>modus</strong></span> <span class='ocrx_word' id='word_1_226' title='bbox 445 3867 514 3930; x_wconf 87' lang='lat' dir='ltr'><strong>cius</strong></span> <span class='ocrx_word' id='word_1_227' title='bbox 538 3891 645 3932; x_wconf 69' lang='lat' dir='ltr'><strong>carice.</strong></span> <span class='ocrx_word' id='word_1_228' title='bbox 694 3866 808 3954; x_wconf 89' lang='lat' dir='ltr'><strong>Neque</strong></span> <span class='ocrx_word' id='word_1_229' title='bbox 832 3869 901 3931; x_wconf 89' lang='lat' dir='ltr'><strong>cius</strong></span> <span class='ocrx_word' id='word_1_230' title='bbox 923 3865 981 3930; x_wconf 85' lang='lat' dir='ltr'><strong>lux</strong></span> <span class='ocrx_word' id='word_1_231' title='bbox 1005 3865 1148 3950; x_wconf 87' lang='lat' dir='ltr'><strong>aequalis</strong></span> <span class='ocrx_word' id='word_1_232' title='bbox 1173 3874 1244 3925; x_wconf 88' lang='lat' dir='ltr'><strong>erat</strong></span> 
     </span>
    </p>
   </div>
   <div class='ocr_carea' id='block_1_4' title="bbox 169 4035 1243 4522">
    <p class='ocr_par' dir='ltr' id='par_1_9' title="bbox 169 4035 1243 4522">
     <span class='ocr_line' id='line_1_31' title="bbox 255 4035 1242 4116; baseline -0.001 -21"><span class='ocrx_word' id='word_1_233' title='bbox 255 4036 285 4095; x_wconf 87' lang='lat'><strong>6.</strong></span> <span class='ocrx_word' id='word_1_234' title='bbox 308 4036 505 4110; x_wconf 74' lang='lat' dir='ltr'><strong>adscendisset</strong></span> <span class='ocrx_word' id='word_1_235' title='bbox 520 4039 724 4116; x_wconf 83' lang='lat' dir='ltr'><strong>(adscenderet</strong></span> <span class='ocrx_word' id='word_1_236' title='bbox 745 4041 796 4114; x_wconf 90' lang='lat' dir='ltr'><strong>P.)</strong></span> <span class='ocrx_word' id='word_1_237' title='bbox 838 4040 888 4099; x_wconf 84' lang='lat'><strong>10.</strong></span> <span class='ocrx_word' id='word_1_238' title='bbox 910 4048 991 4098; x_wconf 84' lang='lat' dir='ltr'><strong>terra</strong></span> <span class='ocrx_word' id='word_1_239' title='bbox 1011 4035 1089 4110; x_wconf 89' lang='lat' dir='ltr'><strong>(add.</strong></span> <span class='ocrx_word' id='word_1_240' title='bbox 1113 4045 1177 4095; x_wconf 82' lang='lat' dir='ltr'><strong>tota</strong></span> <span class='ocrx_word' id='word_1_241' title='bbox 1194 4035 1242 4108; x_wconf 94' lang='lat' dir='ltr'><strong>P.)</strong></span> 
     </span>
     <span class='ocr_line' id='line_1_32' title="bbox 173 4133 1242 4222; baseline -0.004 -22"><span class='ocrx_word' id='word_1_242' title='bbox 173 4139 222 4200; x_wconf 76' lang='lat'><strong>12.</strong></span> <span class='ocrx_word' id='word_1_243' title='bbox 247 4157 350 4198; x_wconf 88' lang='lat' dir='ltr'><strong>omnes</strong></span> <span class='ocrx_word' id='word_1_244' title='bbox 373 4137 449 4214; x_wconf 88' lang='lat' dir='ltr'><strong>(add.</strong></span> <span class='ocrx_word' id='word_1_245' title='bbox 473 4141 521 4220; x_wconf 91' lang='lat' dir='ltr'><strong>qui</strong></span> <span class='ocrx_word' id='word_1_246' title='bbox 544 4141 594 4217; x_wconf 82' lang='grc' dir='ltr'><strong>Ρ.)</strong></span> <span class='ocrx_word' id='word_1_247' title='bbox 636 4139 687 4200; x_wconf 75' lang='lat'><strong>25.</strong></span> <span class='ocrx_word' id='word_1_248' title='bbox 710 4139 781 4218; x_wconf 86' lang='lat' dir='ltr'><strong>quid</strong></span> <span class='ocrx_word' id='word_1_249' title='bbox 803 4139 880 4214; x_wconf 89' lang='lat' dir='ltr'><strong>(add.</strong></span> <span class='ocrx_word' id='word_1_250' title='bbox 903 4162 958 4222; x_wconf 73' lang='grc' dir='ltr'><strong>αρα</strong></span> <span class='ocrx_word' id='word_1_251' title='bbox 974 4137 1021 4212; x_wconf 82' lang='lat' dir='ltr'><strong>P.)</strong></span> <span class='ocrx_word' id='word_1_252' title='bbox 1067 4135 1119 4196; x_wconf 79' lang='lat'><strong>29.</strong></span> <span class='ocrx_word' id='word_1_253' title='bbox 1142 4133 1242 4196; x_wconf 83' lang='lat' dir='ltr'><strong>nulius</strong></span> 
     </span>
     <span class='ocr_line' id='line_1_33' title="bbox 169 4236 1243 4322; baseline -0.002 -22"><span class='ocrx_word' id='word_1_254' title='bbox 169 4239 274 4300; x_wconf 86' lang='lat' dir='ltr'><strong>modus</strong></span> <span class='ocrx_word' id='word_1_255' title='bbox 303 4238 381 4316; x_wconf 85' lang='lat' dir='ltr'><strong>(add.</strong></span> <span class='ocrx_word' id='word_1_256' title='bbox 405 4237 510 4300; x_wconf 82' lang='lat' dir='ltr'><strong>lumini</strong></span> <span class='ocrx_word' id='word_1_257' title='bbox 531 4241 641 4321; x_wconf 82' lang='lat' dir='ltr'><strong>ipsius,</strong></span> <span class='ocrx_word' id='word_1_258' title='bbox 668 4241 698 4299; x_wconf 90' lang='lat' dir='ltr'><strong>iu</strong></span> <span class='ocrx_word' id='word_1_259' title='bbox 726 4259 785 4321; x_wconf 89' lang='lat' dir='ltr'><strong>quo</strong></span> <span class='ocrx_word' id='word_1_260' title='bbox 807 4249 879 4299; x_wconf 84' lang='lat' dir='ltr'><strong>erat.</strong></span> <span class='ocrx_word' id='word_1_261' title='bbox 920 4236 1054 4297; x_wconf 82' lang='lat' dir='ltr'><strong>Lucebat</strong></span> <span class='ocrx_word' id='word_1_262' title='bbox 1073 4262 1130 4322; x_wconf 69' lang='grc' dir='ltr'><strong>γαρ</strong></span> <span class='ocrx_word' id='word_1_263' title='bbox 1153 4239 1243 4320; x_wconf 86' lang='lat' dir='ltr'><strong>magis</strong></span> 
     </span>
     <span class='ocr_line' id='line_1_34' title="bbox 170 4335 1241 4422; baseline -0.003 -21"><span class='ocrx_word' id='word_1_264' title='bbox 170 4361 255 4422; x_wconf 88' lang='lat' dir='ltr'><strong>quam</strong></span> <span class='ocrx_word' id='word_1_265' title='bbox 278 4339 365 4417; x_wconf 82' lang='lat' dir='ltr'><strong>bora,</strong></span> <span class='ocrx_word' id='word_1_266' title='bbox 387 4361 443 4421; x_wconf 87' lang='lat' dir='ltr'><strong>qua</strong></span> <span class='ocrx_word' id='word_1_267' title='bbox 464 4341 655 4402; x_wconf 83' lang='lat' dir='ltr'><strong>adscenderat</strong></span> <span class='ocrx_word' id='word_1_268' title='bbox 675 4341 706 4400; x_wconf 89' lang='lat' dir='ltr'><strong>in</strong></span> <span class='ocrx_word' id='word_1_269' title='bbox 733 4339 827 4416; x_wconf 85' lang='lat' dir='ltr'><strong>caela,</strong></span> <span class='ocrx_word' id='word_1_270' title='bbox 856 4339 897 4398; x_wconf 80' lang='lat' dir='ltr'><strong>ita</strong></span> <span class='ocrx_word' id='word_1_271' title='bbox 924 4347 958 4398; x_wconf 89' lang='lat' dir='ltr'><strong>ut</strong></span> <span class='ocrx_word' id='word_1_272' title='bbox 981 4335 1064 4420; x_wconf 76' lang='lat' dir='ltr'><strong>[eise]</strong></span> <span class='ocrx_word' id='word_1_273' title='bbox 1087 4359 1148 4398; x_wconf 88' lang='lat' dir='ltr'><strong>non</strong></span> <span class='ocrx_word' id='word_1_274' title='bbox 1171 4361 1241 4419; x_wconf 86' lang='lat' dir='ltr'><strong>pos-</strong></span> 
     </span>
     <span class='ocr_line' id='line_1_35' title="bbox 171 4437 1242 4522; baseline -0.004 -21"><span class='ocrx_word' id='word_1_275' title='bbox 171 4451 238 4502; x_wconf 87' lang='lat' dir='ltr'><strong>sent</strong></span> <span class='ocrx_word' id='word_1_276' title='bbox 268 4440 406 4503; x_wconf 83' lang='lat' dir='ltr'><strong>homines</strong></span> <span class='ocrx_word' id='word_1_277' title='bbox 432 4465 540 4514; x_wconf 69' lang='lat' dir='ltr'><strong>aarum</strong></span> <span class='ocrx_word' id='word_1_278' title='bbox 568 4441 676 4504; x_wconf 76' lang='lat' dir='ltr'><strong>efferre</strong></span> <span class='ocrx_word' id='word_1_279' title='bbox 698 4440 817 4517; x_wconf 86' lang='lat' dir='ltr'><strong>lumen,</strong></span> <span class='ocrx_word' id='word_1_280' title='bbox 850 4437 929 4522; x_wconf 90' lang='lat' dir='ltr'><strong>quod</strong></span> <span class='ocrx_word' id='word_1_281' title='bbox 957 4451 1020 4501; x_wconf 87' lang='lat' dir='ltr'><strong>erat</strong></span> <span class='ocrx_word' id='word_1_282' title='bbox 1047 4439 1090 4516; x_wconf 81' lang='lat' dir='ltr'><strong>ei,</strong></span> <span class='ocrx_word' id='word_1_283' title='bbox 1123 4447 1154 4500; x_wconf 84' lang='lat' dir='ltr'><strong>et</strong></span> <span class='ocrx_word' id='word_1_284' title='bbox 1188 4438 1242 4498; x_wconf 91' lang='lat' dir='ltr'><strong>eii-</strong></span> 
     </span>
    </p>
   </div>
   <div class='ocr_carea' id='block_1_5' title="bbox 0 0 1652 5354">
    <p class='ocr_par' dir='ltr' id='par_1_10' title="bbox 0 0 1652 5354">
     <span class='ocr_line' id='line_1_36' title="bbox 0 0 1652 5354; baseline 0 0"><span class='ocrx_word' id='word_1_285' title='bbox 0 0 1652 5354; x_wconf 95' lang='lat' dir='ltr'><strong> </strong></span> 
     </span>
    </p>
   </div>
  </div>
 </body>
</html>
