3296 5354
938 427 982 500 58

421 613 570 683 volentes
593 610 753 680 devorare
774 631 828 678 me
852 609 943 688 dolo,
975 609 1133 677 dicentes:
1169 609 1357 677 auferamus
1384 607 1499 676 lumen

319 707 321 710 Ι
422 743 548 806 totum,
579 728 671 815 quod
700 731 735 793 in
765 749 820 807 ea3
858 725 949 792 haud
984 738 1135 814 patrante
1164 747 1219 790 me
1249 725 1429 812 quidquam
1457 727 1497 789 iis

423 843 527 908 mali.'’
580 842 669 908 Haec
697 839 730 908 ds
761 863 865 928 quum
892 840 1027 906 dixisset
1055 839 1161 917 lesus,
1192 861 1384 929 progressus
1413 819 1498 904 Mot-

422 959 538 1023 thaeus
562 955 656 1022 dixit:
678 959 724 1020 mi
747 954 889 1033 domine,
917 968 1014 1020 tuum
1037 980 1159 1037 πνευμα
1180 956 1287 1018 movit
1309 971 1372 1030 me,
1395 966 1429 1018 et
1450 979 1498 1028 νη-

424 1081 476 1161 ors
498 1071 578 1137 mihi
604 1083 701 1135 tuum
728 1069 857 1146 lumen,
891 1082 930 1134 ut
958 1068 1128 1157 proferam
1158 1081 1310 1133 octavam
1337 1092 1498 1152 μπωνοιειν
1527 1089 1542 1130 s

422 1210 546 1255 τιστεως
565 1193 685 1270 codrot.
730 1183 806 1247 Tua
827 1209 888 1269 γαρ
909 1185 959 1248 vis
982 1191 1193 1271 ιπροφιιτιυσιΙ
1207 1181 1247 1247 de
1275 1203 1314 1247 ca
1338 1181 1416 1246 olim
1437 1203 1498 1269 per

422 1297 584 1363 Davidem
605 1299 640 1361 in
661 1300 826 1364 tricesimo
845 1296 986 1374 Psalmo,
1011 1297 1135 1362 dicens:
1159 1295 1284 1373 „Posui
1306 1317 1419 1360 meum
1441 1317 1498 1360 cor

423 1415 458 1476 in
478 1425 527 1488 te,
551 1411 691 1476 domine.
735 1411 783 1476 Nc
806 1410 873 1488 fae,
901 1410 1029 1499 pudore
1053 1410 1178 1477 afficiar
1199 1431 1305 1497 usque
1328 1409 1371 1474 ad
1393 1423 1496 1474 aeter-

423 1548 513 1590 num.
559 1525 663 1590 Serva
684 1548 738 1590 mc
759 1527 795 1589 in
821 1537 881 1590 tua
903 1523 1083 1617 dmaaowvg,
1117 1524 1237 1589 inclina
1264 1537 1358 1588 tuam
1384 1545 1497 1589 aurem

424 1642 458 1703 in
480 1661 542 1704 me.
587 1639 733 1717 Festina,
761 1661 870 1705 serves
893 1662 955 1705 me.
999 1640 1082 1705 Esto
1109 1639 1187 1703 mihi
1213 1639 1293 1704 deus
1320 1651 1495 1726 protector,
1524 1661 1549 1704 ro

425 1768 458 1819 ct
481 1753 615 1830 domus,
642 1753 733 1819 locus
758 1753 875 1842 refugii
898 1752 941 1818 ad
964 1752 1162 1819 servandum
1187 1774 1255 1830 me,
1290 1752 1380 1839 quod
1402 1766 1441 1816 tu
1463 1773 1497 1816 es

423 1891 536 1933 meum
565 1867 824 1946 firmamentum,
863 1881 896 1933 et
929 1889 1022 1932 meus
1055 1868 1146 1932 loeus
1181 1867 1307 1954 refugii.
1358 1866 1497 1954 Propter

423 1996 520 2048 tuum
542 2005 664 2048 nomen
685 1980 842 2047 indicabis
865 1981 945 2046 mihi
966 1985 1070 2059 viam,
1093 1994 1127 2046 et
1148 1984 1272 2046 nutries
1295 2003 1358 2058 me,
1382 1992 1416 2045 ot
1437 1979 1497 2044 du-

425 2119 477 2162 ces
500 2117 553 2161 me
580 2118 621 2160 cx
647 2096 711 2159 hoc
740 2095 877 2180 laqueo,
908 2117 1007 2182 quem
1036 2096 1115 2160 mihi
1146 2095 1375 2171 occuluerunt,
1408 2093 1498 2180 quod

424 2223 463 2274 tu
492 2231 525 2274 es
553 2231 628 2273 mea
653 2211 829 2295 protectio,
860 2207 1025 2296 deponam
1052 2231 1164 2274 meum
1192 2235 1313 2294 πνευμα
1342 2205 1405 2272 tuis
1427 2231 1496 2272 ma·
1524 2233 1551 2274 ra

324 2315 373 2392 87
424 2322 530 2388 nibus.
575 2320 755 2386 Redemisti
781 2343 849 2398 me,
886 2321 1033 2400 domine,
1071 2323 1151 2388 deus
1184 2325 1339 2389 veritatis.
1390 2321 1497 2406 Odisti

426 2450 593 2504 servantes
615 2456 739 2500 vanum
762 2438 829 2500 sine
854 2458 961 2502 causa.
1000 2438 1072 2526 Ego
1096 2435 1128 2504 de
1144 2437 1273 2515 credidi,
1298 2450 1331 2502 ct
1350 2435 1498 2501 laetabor

426 2552 466 2617 dc
491 2551 641 2627 domino,
671 2562 704 2614 et
732 2559 870 2637 ευφρανω
894 2551 934 2616 dc
956 2565 1015 2616 tuo
1046 2577 1203 2637 πνευματι.
1255 2552 1340 2616 Nam
1360 2553 1497 2614 intuitus

425 2687 460 2731 cs
475 2687 584 2729 meam
604 2663 872 2742 hruniliationem,
896 2679 929 2730 et
952 2669 1088 2732 servasti
1106 2657 1215 2732 meam
1229 2664 1340 2752 ψυχην
1355 2663 1396 2730 ex
1417 2666 1498 2729 meis

426 2804 588 2865 αναγκαις,
618 2801 725 2864 neque
749 2778 911 2844 occlusisti
933 2801 985 2845 me
1013 2783 1047 2843 in
1075 2780 1227 2846 manibus
1254 2782 1389 2856 inimici;
1420 2799 1497 2842 con·
1525 2805 1552 2846 so

425 2896 558 2960 stituisti
586 2914 678 2959 meos
708 2892 808 2981 pedes
837 2897 872 2958 in
902 2893 999 2982 (loeo)
1032 2897 1187 2982 spatioso.
1243 2895 1396 2959 Miserere
1423 2895 1498 2970 mci,

425 3007 570 3086 domine,
594 3007 685 3095 quod
707 3008 864 3096 θλιβομιιι.
907 3007 1034 3073 Oculus
1056 3030 1150 3074 meus
1172 3008 1324 3073 turbatus
1349 3021 1399 3073 cst
1419 3027 1498 3094 prae

423 3126 474 3188 ira
496 3137 529 3187 et
551 3145 626 3188 mea
647 3120 743 3210 ψυχη
767 3135 801 3188 et
823 3145 880 3189 cor
902 3145 1022 3188 mcum.
1066 3123 1151 3188 Nam
1178 3126 1244 3188 mci
1272 3125 1348 3187 anni
1372 3121 1499 3187 defece·

424 3251 503 3302 runt
524 3239 559 3300 in
582 3237 696 3302 dolore
719 3235 836 3313 cordis,
868 3251 901 3302 et
926 3259 1001 3301 mea
1022 3239 1091 3302 vita
1114 3236 1233 3303 defecit
1253 3240 1288 3301 in
1316 3235 1498 3324 gemitibus.

424 3351 498 3416 Mea
519 3355 569 3416 vis
593 3350 761 3416 debilitata
783 3353 888 3415 estin
909 3365 1114 3439 paupertate,
1138 3365 1171 3417 ct
1184 3351 1318 3416 turbata
1333 3364 1410 3416 sunt
1424 3372 1498 3414 mea
1524 3377 1553 3417 aa

427 3485 511 3528 ossa.
560 3463 681 3527 Factus
712 3485 787 3528 sum
817 3464 978 3530 cavillatio
1008 3469 1088 3530 meis
1118 3469 1254 3530 inimicis
1284 3465 1435 3530 omnibus
1465 3477 1500 3529 et

323 3565 372 3637 88
423 3576 490 3651 his,
515 3578 571 3661 qui
595 3575 861 3671 adpropinquant
884 3576 927 3643 ad
948 3601 1010 3644 me.
1048 3579 1167 3645 Factus
1187 3603 1261 3645 sum
1283 3594 1390 3645 terror
1411 3581 1499 3644 notis

425 3691 521 3766 meis,
552 3702 585 3754 et
607 3689 753 3756 videntes
776 3714 829 3756 mc
869 3691 1001 3780 lugiunt
1025 3715 1088 3758 mc.
1133 3694 1237 3759 Obliti
1265 3707 1342 3759 sunt
1368 3695 1433 3758 mei
1456 3695 1498 3756 si-

426 3817 482 3869 cut
502 3807 625 3868 mortui
647 3809 681 3869 in
705 3827 765 3870 suo
794 3806 901 3884 corde,
930 3821 964 3872 et
991 3829 1064 3872 sum
1086 3811 1172 3873 sicut
1193 3833 1295 3879 σκευος
1322 3807 1499 3897 perditum.

424 3919 508 3987 Nam
531 3919 641 3986 audivi
669 3924 881 4008 ignominiam
906 3921 1080 3988 turbarum
1109 3926 1306 4010 cingentium
1331 3945 1386 3988 me
1413 3925 1499 3986 circa
1523 3949 1552 3990 oo

500 4083 558 4145 ll.
581 4085 697 4163 domus,
719 4086 802 4147 locus
824 4087 971 4166 (deleatur
992 4087 1118 4163 „locus”
1140 4088 1189 4163 P.)
1237 4089 1287 4148 12.
1311 4109 1393 4148 meus
1415 4087 1499 4147 locus

424 4183 534 4266 refugii
556 4187 668 4263 (meum
683 4187 832 4270 refugium
849 4189 897 4263 P.)
940 4185 988 4246 17.
1006 4209 1112 4247 vanum
1127 4191 1213 4266 (vana
1228 4189 1277 4263 P.)
1322 4187 1371 4248 18.
1391 4187 1427 4248 de
1443 4199 1498 4247 tuo

424 4305 560 4352 πνευματι
582 4285 632 4361 (de
654 4298 703 4347 tua
725 4287 924 4348 misericordia
946 4287 992 4364 P.)
1058 4289 1109 4348 29.
1132 4290 1244 4349 mortui
1265 4288 1427 4366 (cadaveris
1449 4287 1500 4365 P.)

425 4380 500 4442 lbid.
525 4383 578 4443 Ev.
601 4384 673 4446 Luc.
695 4385 746 4461 22,
762 4387 810 4448 29.
826 4386 877 4448 30.
905 4387 942 4448 ci.
965 4387 1070 4447 Matth.
1094 4389 1145 4464 19,
1159 4389 1211 4449 28.
