3254 5340
676 467 721 538 85

157 653 313 739 προβολων
339 646 515 729 audenus„
532 661 631 738 atque
658 649 798 718 verbum
826 653 962 731 iterum,
993 651 1084 741 quod
1104 665 1163 721 tua
1183 656 1234 723 vir

159 767 241 833 dixit
254 788 315 855 per
330 763 558 830 Solomonem:
582 770 737 843 „attraxit
758 789 814 832 eos
838 790 962 844 omnes,
985 767 1078 833 duxit
1100 791 1156 834 eos
1180 793 1234 835 su·

157 903 218 970 per
237 879 427 968 templum‚''
451 877 543 965 quod
565 893 615 944 est
635 880 714 944 hoe:
739 884 873 946 attraxit
892 884 979 947 vires
1003 905 1116 948 omnes
1138 884 1235 948 lumi·

158 999 209 1060 nis
234 1019 254 1058 a
276 995 440 1076 προβολαις
461 992 617 1068 aviditas,
640 1016 721 1080 quas
745 995 950 1060 abstulerunt
963 999 998 1059 in
1012 995 1055 1083 (a)
1072 1024 1166 1062 aaran
1185 1023 1236 1062 σο-

121 1131 134 1168 a
164 1119 232 1196 φις..
257 1121 291 1173 et
311 1108 420 1171 iniecit
442 1127 497 1170 eas
519 1108 554 1169 in
576 1133 671 1172 πιστιν
691 1118 803 1192 rapiar
822 1109 925 1172 altera
939 1111 1023 1186 vice:
1047 1124 1145 1196 atque
1161 1133 1235 1175 ver·

159 1222 242 1287 bum
261 1243 386 1296 rursus,
410 1219 501 1305 quod
514 1233 574 1284 tua
595 1222 645 1284 vis
669 1219 763 1284 dixit:
786 1220 895 1296 „haud
917 1235 1097 1308 potuerunt
1119 1245 1236 1311 capere

162 1359 237 1402 eam
260 1335 354 1422 (inea)
379 1335 490 1398 clausa
511 1356 618 1419 neque
641 1334 713 1398 loca
736 1334 930 1410 aedificata,”
960 1335 1051 1420 quod
1078 1335 1141 1400 hot
1171 1348 1235 1402 est:

162 1450 312 1535 προβιλωι
338 1448 486 1516 αυθοιὸιυς
516 1447 605 1511 haud
638 1462 819 1535 potuerunt
850 1448 1051 1536 prehendere
1082 1450 1237 1540 ιιπορῥωαν

162 1564 293 1628 luminis
321 1565 354 1625 in
383 1565 481 1648 septis
509 1561 719 1625 tenebrarum
743 1563 852 1639 chaus,
882 1577 980 1648 atque
1008 1563 1148 1627 verbum
1175 1566 1235 1630 ite·

1 1745 3 1754 y
108 1697 137 1737 rr
163 1701 254 1754 rum,
286 1675 376 1763 quod
399 1675 493 1739 dixit:
524 1675 710 1751 „duxerunt
732 1697 805 1739 eam
828 1690 1072 1763 superterram
1096 1699 1236 1754 omnem,

163 1806 197 1856 et
217 1791 366 1877 implevit
388 1812 440 1854 res
466 1790 606 1864 omnes‚”
625 1789 721 1876 quod
742 1789 804 1854 hoc
828 1802 891 1854 est:
922 1812 1025 1875 quum
1048 1789 1180 1854 Gabriel
1204 1801 1237 1855 et

161 1904 298 1971 Michael
321 1902 489 1967 duxissent
511 1925 583 1968 eam
600 1931 692 1983 σωμοι
710 1930 832 1972 asserus
848 1913 969 1990 σοφιας,
990 1903 1101 1967 intulit
1113 1906 1148 1966 in
1163 1926 1238 1970 eam

162 2019 287 2084 lumina
311 2020 429 2092 omnia,
453 2040 537 2103 quae
561 2016 767 2081 abstulerunt
789 2017 831 2082 ab
855 2041 893 2082 ea
911 2018 1061 2103 προβολαι
1081 2015 1237 2098 andedam,

165 2145 265 2217 atque
289 2130 452 2217 splenduit
479 2134 538 2218 (pr.
563 2131 685 2195 iactum
708 2145 758 2195 est
778 2132 901 2216 lumen)
930 2158 1023 2215 σωμω
1049 2134 1117 2196 eius
1144 2135 1236 2210 ὐληςς

112 2265 139 2304 rs
167 2259 265 2332 atque
288 2243 434 2321 verbum,
458 2245 549 2331 quod
572 2245 665 2308 dixit:
690 2245 870 2321 „biberunt
890 2259 1058 2310 versantes
1080 2248 1115 2308 iu
1137 2267 1238 2310 arena

165 2360 283 2436 arida‚”
308 2358 396 2444 quod
420 2371 484 2423 est:
508 2372 702 2445 aeceperunt
723 2360 834 2423 iumen
863 2382 948 2446 quae
972 2372 1048 2423 sunt
1071 2363 1180 2423 omnia
1202 2362 1237 2424 iu

162 2501 256 2541 arran
276 2485 383 2559 σοψιᾳ,
408 2495 550 2557 quorum
573 2473 684 2537 lumen
707 2473 913 2538 abstulerunt
927 2476 958 2561 (i.
976 2497 1002 2538 e.
1022 2471 1236 2557 abstulerant)

162 2591 253 2676 prius
269 2590 301 2675 (i.
318 2610 344 2652 e.
360 2587 525 2670 antehac);
549 2601 648 2672 atque
671 2587 818 2662 verbum,
842 2586 932 2673 quod
956 2587 1050 2652 dixit:
1074 2589 1162 2664 „sitis
1181 2609 1237 2652 eo·

165 2725 239 2766 rum
258 2703 364 2766 soluta
380 2713 430 2764 est
447 2713 481 2763 et
496 2702 678 2776 exstincta,”
692 2701 781 2787 quod
797 2702 860 2765 hoe
877 2714 939 2765 est:
953 2704 1021 2766 eius
1033 2704 1118 2765 vires
1131 2723 1236 2766 cessa·
1278 2698 1349 2772 133

112 2832 139 2872 ὓ
164 2829 243 2881 runt
257 2815 399 2900 indigere
414 2815 553 2889 luminis,
571 2814 659 2899 quod
675 2813 889 2889 abstulerunt,
906 2817 1060 2898 quoniam
1078 2814 1239 2879 dederunt

165 2931 198 3016 (i.
215 2949 242 2992 e.
259 2927 372 2992 datum
388 2927 446 3011 est)
462 2931 500 2991 iis
516 2928 636 3004 lumen,
661 2927 753 3012 quod
769 2926 975 2990 abstulerunt
990 2926 1031 2989 ab
1047 2930 1093 2991 iis.
1127 2927 1237 3012 Atque

163 3045 283 3106 iterum
299 3067 381 3106 aare
396 3040 542 3115 modum,
559 3064 624 3127 quo
638 3041 718 3104 dixit
730 3054 787 3104 tua
798 3043 862 3104 vis:
877 3038 1057 3114 „dederuut
1071 3041 1109 3102 iis
1120 3051 1238 3125 potum

165 3155 206 3220 ab
223 3155 376 3230 excelso‚”
393 3154 483 3241 quod
499 3155 560 3218 hoe
577 3168 639 3219 est:
663 3153 825 3218 dederunt
846 3155 957 3218 iumen
979 3155 1017 3216 iis
1041 3175 1081 3217 ex
1096 3153 1238 3240 αποῤῥοιφ

164 3270 305 3344 luminis,
334 3291 418 3355 quae
442 3271 519 3332 exiit
543 3293 562 3332 a
584 3289 651 3344 me,
680 3271 787 3355 primo
810 3294 976 3353 μυπηριῳ,
1006 3280 1039 3330 et
1060 3293 1143 3332 κατα.
1165 3288 1237 3330 mo·

114 3400 140 3440 ²⁵
168 3381 257 3457 dum,
282 3404 346 3467 quo
371 3383 452 3446 dixit
472 3396 532 3446 tua
553 3385 617 3446 vis:
648 3409 810 3460 „nemun
833 3394 910 3445 sunt
932 3378 1056 3446 dranosa:
1078 3394 1177 3468 potus
1199 3379 1237 3442 il-

165 3495 256 3572 lius‚”
281 3496 371 3581 quod
393 3510 443 3560 est
464 3495 613 3572 verbum,
637 3495 728 3582 quod
752 3495 873 3559 dixisti:
896 3495 1032 3559 Michael
1048 3510 1081 3559 et
1096 3493 1238 3570 Gabriel,

163 3609 400 3687 διακονησαντες,
430 3609 594 3672 duxerunt
616 3613 769 3698 απορροιων
798 3609 927 3674 luminis
950 3613 984 3673 in
1008 3611 1115 3686 chnut,
1139 3623 1239 3695 atquo

164 3729 264 3790 etiam
288 3724 454 3788 duxeruut
476 3745 551 3787 eum
575 3745 714 3787 sursum.
759 3723 895 3787 Dabunt
915 3727 953 3788 iis
972 3751 1122 3807 μυστηρια.
1142 3721 1238 3786 lumi-

166 3841 217 3900 nis
233 3837 420 3914 altitudinis,
444 3835 562 3924 quibus
586 3837 771 3902 concredita
794 3851 844 3900 est
867 3841 1006 3922 asapius
1024 3837 1166 3908 luminis,
1188 3845 1238 3894 at-

1 3951 2 4042 s
115 3969 142 4011 tt
170 3970 233 4035 que
266 3952 362 4012 etiarn
389 3977 472 4015 aare
499 3950 649 4025 modum,
679 3972 745 4036 quo
777 3950 857 4013 dixit
879 3963 937 4013 tua
959 3952 1022 4012 vis:
1051 3956 1240 4022 „verterunt

168 4059 256 4125 labia
272 4061 389 4140 arida,”
413 4064 503 4150 quod
525 4065 587 4128 hoe
611 4077 673 4129 est:
697 4061 829 4126 Gabriel
844 4075 877 4126 et
891 4061 1026 4125 Michael
1046 4056 1135 4123 haud
1150 4079 1239 4122 sum·

252 4207 300 4268 12.
325 4231 386 4270 eam
408 4235 491 4280 σωμα
513 4214 589 4288 (eam
612 4231 701 4290 snper
722 4233 804 4270 σωμα
826 4209 873 4284 P.)
963 4207 1014 4268 20.
1037 4207 1117 4289 quod
1138 4206 1240 4267 abstu-

165 4309 267 4371 lerunt
293 4310 464 4387 (deleantur
485 4311 573 4374 verba
596 4309 700 4391 „quod
720 4308 927 4370 abstulerunt’
948 4309 997 4382 P.)
1063 4309 1115 4370 tt.
1139 4307 1238 4369 lumen

164 4409 242 4488 (add.
265 4411 394 4488 „sunm”
416 4411 468 4490 Ρ.)
527 4411 578 4472 22.
601 4409 721 4473 modum
742 4407 821 4489 (add.
842 4409 1005 4490 ‚‚qu0que”
1026 4408 1077 4488 Ρ.)
