3240 5328
633 458 700 526 213

131 637 164 698 in
187 661 308 718 κοσμον,
338 633 429 722 quod
452 635 540 701 eritis
564 633 705 702 absoluti
729 639 844 724 quevis
868 641 1059 726 cognitione,
1085 652 1124 706 ut
1147 661 1203 731 ap·

130 749 254 835 pellent
275 771 336 814 vos
360 749 524 836 periectos
547 753 662 836 quavis
686 754 878 837 cognitione.
914 753 1004 818 Haeo
1028 757 1137 818 omnia
1156 755 1203 819 di-

131 883 202 926 cam
225 861 320 926 vobis
343 865 378 926 in
401 863 613 950 explicatione
640 866 799 940 universi,
834 877 868 930 et
888 877 966 952 post
991 866 1071 931 haec
1094 870 1205 932 omnia

131 975 237 1038 dieam
265 975 376 1050 vobis,
407 989 609 1063 quapropter
639 979 736 1042 etiam
764 977 846 1042 haee
876 982 985 1044 omnia
1013 978 1100 1045 faeta
1131 985 1204 1056 sint,

89 1119 103 1156 s
130 1088 241 1154 audite
265 1115 322 1163 ovo,
344 1088 463 1173 loquar
485 1087 657 1153 vobiscum
681 1089 720 1154 de
736 1087 845 1180 ψυχῃ,
869 1117 951 1158 καιτοι
967 1093 1113 1170 modum,
1138 1116 1204 1180 quo

129 1201 209 1277 dixi,
233 1204 377 1288 quinque
399 1221 535 1287 magnos
560 1226 710 1286 αρχοντας
732 1224 870 1288 magnae
893 1203 1070 1291 eipappesvae
1087 1232 1204 1282 αιωνων,
1276 1193 1279 1198 ’

129 1329 228 1400 atque
251 1317 350 1378 etiam
372 1337 524 1399 αρχοντιις
543 1311 644 1380 deserv
668 1314 744 1378 solis
768 1328 802 1378 et
817 1341 968 1399 αρχοντας
982 1315 1084 1384 dicato
1106 1319 1204 1384 lunae

128 1429 208 1493 [lare
230 1431 317 1492 intus
340 1430 375 1490 in
388 1424 498 1514 ψυχην
520 1426 624 1502 illam,
649 1440 682 1492 et
702 1441 880 1492 venturum
903 1451 972 1494 esse
996 1453 1037 1496 ex
1055 1433 1093 1496 iis
1115 1456 1204 1520 μιρος

130 1565 171 1607 ex
193 1563 268 1606 mea
288 1544 321 1603 vi
350 1566 433 1606 aare
461 1538 614 1617 modum,
643 1562 741 1627 quem
769 1543 835 1604 iam
865 1541 1000 1607 dixerim
1028 1544 1140 1621 vobis,
1170 1559 1205 1611 et

77 1684 103 1725 ro
129 1680 217 1740 μερος
238 1657 287 1720 vis
309 1653 395 1718 illius
418 1675 609 1718 mansurum
634 1675 704 1718 esse
731 1656 819 1718 intus
841 1658 875 1718 in
897 1652 1009 1746 ψυχῃ,
1040 1669 1078 1720 ut
1098 1659 1205 1745 possit

1 1745 2 1752 ἵ
129 1772 305 1834 consistere
319 1764 424 1854 doxa,
449 1780 482 1830 et
502 1769 647 1854 positum
663 1789 733 1832 esse
748 1793 905 1850 αντιμιμον
921 1795 1089 1852 πνευματος
1111 1783 1202 1836 extra
1240 1766 1312 1840 341
1353 1819 1367 1858 4

127 1881 239 1966 'dvm
263 1880 447 1945 custodiens
471 1903 553 1957 eam,
581 1893 614 1946 et
637 1881 751 1945 datum
774 1903 844 1946 esse
868 1885 912 1959 ei,
936 1896 968 1947 et
991 1907 1142 1969 apxovrae
1163 1884 1201 1947 li·

128 1999 256 2084 gavisse
282 1993 371 2058 istud
399 1997 433 2057 in
459 1991 569 2080 ψυχην
600 1998 666 2058 suis
700 2003 865 2081 σφραγισιν
900 2009 933 2060 et
961 2000 1027 2082 setis
1054 1997 1201 2075 vinculis,

127 2131 187 2175 nee
211 2131 278 2174 non
301 2129 357 2174 eos
380 2108 557 2194 σφραγιζιιν
579 2107 668 2172 istud
690 2107 846 2174 adversus
870 2130 952 2187 enm,
978 2123 1018 2174 ut
1040 2123 1202 2202 evnpnaop

1 2207 3 2214 ,
74 2254 100 2293 rs
129 2245 203 2288 eam
226 2225 486 2308 omnitempore
511 2221 552 2285 nd
575 2219 723 2286 facienda
746 2245 805 2286 sua
828 2221 906 2297 παθη
930 2236 963 2288 et
984 2245 1059 2289 suas
1075 2247 1202 2309 ereptas
1244 2237 1267 2283 t<

1 2324 3 2330 ’
127 2359 241 2402 omnes
266 2348 460 2411 constanter,
483 2347 522 2398 ut
535 2333 594 2398 fiat
609 2357 703 2402 serva
721 2339 759 2400 iis
777 2339 1037 2424 omnitempore,
1060 2351 1092 2404 et
1106 2361 1199 2404 man·

126 2473 220 2518 suros
245 2471 315 2514 esse
339 2450 411 2534 (pro
428 2471 615 2514 mansuram
632 2451 713 2535 esse)
737 2449 799 2514 sub
820 2471 934 2514 eorum
953 2454 1092 2542 deotspp
1111 2453 1201 2516 omni

123 2580 274 2651 tempore
296 2564 330 2625 in
352 2561 543 2644 μεταβολαις
570 2588 726 2646 σωματος,
757 2575 791 2627 et
819 2584 875 2627 eos
906 2562 1084 2650 σφραγιζειν
1112 2561 1201 2628 istud

126 2678 284 2742 adversus
309 2697 397 2752 eam,
427 2689 467 2739 ut
490 2678 531 2738 sit
558 2679 593 2738 in
620 2678 762 2762 pereatis
792 2676 943 2742 omnibus
974 2691 1007 2742 et
1034 2674 1201 2764 ιτιθυμιαις

72 2819 99 2860 ao
128 2788 279 2856 omnibus
309 2815 434 2873 κοσμου.
483 2786 623 2873 Propter
650 2787 730 2851 haee
759 2790 857 2874 igitur
880 2788 952 2875 (ooo)
975 2790 1200 2856 huiuscemodi

126 2904 205 2969 duxi
227 2928 376 2987 μυστηρια.
398 2905 433 2966 in
455 2925 576 2986 κοσμον,
600 2921 684 2984 quae
708 2898 840 2964 solvunt
861 2900 991 2965 vinceda
1015 2906 1125 2966 omnia
1148 2930 1199 2969 es·

124 3043 251 3101 τιμιμου
271 3039 439 3099 πνευματος
464 3026 498 3078 et
519 3012 695 3102 eppapedae
723 3015 792 3078 eius
821 3036 949 3092 omnes,
977 3013 1124 3101 adligata
1142 3013 1199 3078 ad·

125 3151 241 3195 versus
263 3125 382 3216 dom
407 3149 490 3214 quae
513 3127 652 3192 reddant
672 3125 783 3215 ψιχην
798 3126 960 3214 ιλευθερωιν,
983 3141 1016 3192 et
1036 3126 1201 3194 redimant

126 3267 200 3311 eam
223 3267 243 3307 a
266 3243 332 3306 suis
353 3241 553 3330 parentibus,
576 3265 730 3323 αρχουσιν,
753 3254 786 3305 et
807 3241 948 3306 reddant
963 3264 1036 3307 eam
1055 3253 1201 3327 ιιλικρινες

72 3385 98 3426 ns
125 3358 239 3423 lumen
262 3356 304 3421 ad
327 3355 507 3422 ducendam
530 3377 602 3420 eam
626 3377 758 3419 sursum
783 3357 818 3418 in
844 3377 982 3441 regnum
1010 3357 1060 3420 sui
1087 3356 1200 3442 patris,

62 3469 67 3482 '
123 3475 269 3562 primum
291 3473 465 3546 venientis,
494 3471 591 3557 primi
614 3493 776 3553 μυστηρωυ
806 3490 912 3554 usque
942 3467 985 3534 ad
1013 3481 1198 3544 aeternum3

123 3601 260 3676 propter
281 3584 345 3651 hoe
372 3587 470 3672 igitur
500 3611 547 3649 ουν
578 3582 644 3647 dixi
672 3581 766 3647 vobis
796 3581 888 3648 olim:
920 3586 977 3670 qui
1005 3582 1096 3649 haud
1123 3581 1197 3648 reli·

125 3705 233 3786 querit
253 3713 382 3786 patrem
406 3711 439 3763 et
461 3711 614 3773 matrem,
643 3711 683 3761 ut
706 3711 863 3783 sequatur
884 3720 954 3774 me,
983 3698 1126 3762 hicnon
1149 3707 1199 3760 est

127 3811 242 3895 dignus
271 3832 333 3874 me.
385 3809 461 3872 Dixi
491 3837 537 3875 ooo
566 3810 622 3873 illo
654 3823 815 3896 tempore:
850 3809 1040 3891 relinquetis
1069 3818 1198 3870 vestros

73 3948 100 3988 so
126 3931 294 4009 parentes,
325 3942 491 4000 apxovree,
519 3931 558 3982 ut
579 3918 698 3983 faeiem
719 3940 781 3983 vos
807 3917 892 3980 filios
918 3919 1016 4004 primi
1038 3942 1198 4003 μυστηριου

125 4055 232 4120 usque
255 4031 297 4096 ad
320 4044 498 4096 aeternum.
543 4029 632 4094 Haeo
656 4028 687 4096 de
710 4051 814 4115 quum
834 4029 964 4094 loeutus
988 4042 1074 4095 esset
1095 4055 1197 4117 σωτηρ,
1236 4036 1312 4110 342

127 4147 277 4214 exsiliens
300 4143 432 4210 Snlome
448 4141 542 4208 dixit:
564 4145 609 4208 mi
626 4141 765 4219 domine,
789 4146 816 4208 si
837 4147 942 4210 nostri
955 4156 1107 4231 parentes
1123 4158 1199 4214 sunt

208 4373 258 4432 22.
302 4367 553 4456 appreciaretur
575 4370 646 4449 (del.
668 4372 783 4450 „eins”
804 4373 852 4450 P.)
