3296 5354
941 393 984 458 1⁰

424 579 567 644 luerunt.
611 575 656 641 Et
679 596 782 661 quum
806 593 1011 660 cognossem,
1033 593 1094 636 vos
1117 593 1186 636 non
1207 571 1402 638 intellexisse
1419 577 1493 654 (vei),

426 713 510 778 quae
534 689 671 754 dixerim
689 687 784 754 vobis
815 687 855 752 de
883 685 978 777 doxa
1006 685 1134 764 Heliae,
1164 685 1265 774 ligata
1292 691 1327 752 in
1356 686 1494 752 Iohanne

424 805 567 893 baptista
583 804 762 895 (βαπιςῃ),
785 800 939 889 respondi
949 799 1056 864 ·v0bis
1078 803 1113 864 in
1128 823 1278 866 sermone
1294 803 1328 865 in
1341 801 1495 889 rapinae,
1602 796 1603 874 l

427 942 444 985 e
475 919 558 982 sacie
586 921 621 982 in
649 917 782 982 faciem:
820 919 846 980 si
876 899 988 979 vultis
1007 935 1137 1002 capere,
1166 913 1326 980 lohannes
1356 914 1496 1002 baptista

426 1034 620 1115 (βιπιςης),
643 1035 704 1096 istc
727 1045 777 1096 est
797 1029 903 1105 Elias,
927 1051 1025 1114 quem
1048 1028 1114 1093 dixi
1135 1032 1257 1095 venire.
1514 1053 1528 1091 r

502 1147 644 1233 Pergens
660 1149 780 1209 iterum
793 1147 829 1207 in
844 1165 994 1208 sermone
1005 1141 1095 1207 Iesus
1112 1141 1206 1207 dixit:
1223 1143 1348 1206 factum
1364 1156 1414 1207 est
1423 1156 1498 1230 post

425 1261 505 1324 haec
526 1281 586 1346 per
608 1271 742 1324 κελευσιν
764 1259 862 1346 primi
884 1283 1060 1342 μυστηριου,
1083 1255 1151 1322 vidi
1173 1257 1312 1344 desuper
1333 1260 1368 1320 iu
1386 1283 1496 1341 κοσμον

355 1440 368 1465 Ι
424 1375 612 1449 hominum,
639 1374 749 1436 inveni
772 1371 926 1447 Mariam,
958 1393 1043 1457 qnae
1064 1385 1202 1436 vocatur
1224 1393 1299 1435 mea
1320 1383 1427 1435 mater
1448 1393 1496 1435 se·

426 1486 569 1552 cundum
599 1491 708 1569 (aare)
730 1511 823 1571 σωμα,
840 1489 935 1571 Ιὑλης,
965 1485 1095 1550 locutus
1125 1508 1199 1554 sum
1229 1489 1327 1550 etiam
1356 1507 1432 1549 cum
1460 1507 1498 1549 ea

424 1629 507 1669 aare
529 1629 576 1666 rev
594 1627 684 1667 τυπον
708 1599 882 1676 Gabrielis,
905 1613 953 1676 et,
979 1621 1082 1685 quum
1104 1603 1317 1664 convertisset
1338 1621 1371 1664 se
1393 1601 1430 1663 in
1451 1598 1497 1662 al·
1514 1623 1538 1662 rr

425 1715 601 1782 titudinem
623 1714 756 1792 adme,
778 1713 874 1778 intuli
896 1717 930 1778 in
954 1735 1027 1778 eam
1050 1717 1191 1802 primam
1209 1717 1296 1790 vim,
1323 1735 1424 1800 quam
1445 1735 1498 1776 ac·

426 1834 497 1921 cepi
520 1855 538 1897 e
560 1859 594 1922 τῃ
614 1831 780 1917 βαρβηλῳ,
809 1829 873 1892 hoe
902 1841 952 1893 est
974 1853 1082 1914 repa,
1114 1826 1204 1915 quod
1232 1837 1366 1915 εφορησα
1394 1831 1430 1890 in
1452 1826 1498 1890 al·

424 1945 573 2010 titudine.
602 1944 712 2031 Atque
734 1947 769 2006 in
790 1943 902 2008 locum
916 1940 1027 2028 ψυχης
1048 1941 1143 2006 intuli
1159 1944 1193 2006 in
1210 1965 1283 2007 eam
1297 1946 1373 2020 vim,
1398 1963 1499 2028 quam

279 2045 287 2055 ¹
328 2052 373 2124 14
426 2063 535 2145 accepi
559 2081 578 2121 a
601 2081 719 2145 magno
737 2055 896 2134 Sabaoth,
920 2055 1043 2145 ωγωθῳ,
1067 2059 1124 2144 qui
1146 2069 1197 2122 est
1217 2060 1252 2124 in
1271 2083 1352 2146 τοπῳ
1372 2055 1497 2121 dextro.

423 2171 469 2238 Et
491 2171 664 2234 duodecim
685 2175 771 2234 vires
789 2169 962 2236 duodecim
984 2197 1115 2258 σωτηρων
1135 2168 1279 2257 θησαυρου
1295 2172 1390 2244 lucis,
1415 2191 1496 2256 quas
1514 2187 1539 2229 rs

425 2287 578 2372 accepia
601 2271 774 2349 duodecim
797 2282 951 2362 datavere,
981 2288 1037 2371 qui
1059 2288 1094 2349 iu
1115 2285 1339 2374 prem-intuli
1367 2287 1401 2348 in
1423 2293 1499 2371 σφι·

423 2426 477 2487 ραν
496 2425 657 2486 αρχοντων.
680 2391 800 2485 'Atque
825 2397 1107 2486 denuntiauerunt·
1130 2422 1311 2487 eorumque
1334 2411 1499 2486 λειτουργοι

350 2603 352 2608 Ι
423 2514 601 2601 putabant,
624 2517 749 2578 animas
767 2511 908 2600 (ψυχας)
932 2535 1001 2578 esse
1025 2540 1184 2600 αρχονιων,
1209 2527 1242 2578 et
1263 2512 1429 2578 duxerunt
1443 2535 1498 2578 eas

423 2639 595 2714 λειτουργοι.
639 2627 752 2715 Ligavi
776 2649 830 2694 eas
858 2629 893 2691 in
920 2653 1013 2710 σωμιι
1040 2641 1227 2693 vestrarum
1254 2641 1408 2692 matrum.
1452 2627 1500 2694 Et

426 2763 529 2828 quum
543 2755 691 2808 vestrum
706 2755 837 2830 tempus
859 2739 1032 2829 impletum
1047 2755 1144 2819 esset,
1167 2755 1414 2831 progenuerunt
1435 2765 1497 2807 vos
1514 2761 1542 2804 n

423 2858 459 2920 in
485 2883 606 2944 κοσμῳ,
637 2856 728 2920 nulla
756 2853 852 2948 ψυχῃ
874 2881 1024 2942 αρχοντων
1055 2859 1215 2921 existente
1241 2859 1275 2920 in
1303 2857 1407 2922 vobis.
1452 2857 1499 2922 Et

424 2975 763 3060 accepistisvestrum
784 2995 871 3058 μερος
893 2993 911 3037 e
933 2973 981 3048 vi,
1015 2993 1116 3058 quam
1136 2971 1263 3035 inllavit
1291 2973 1326 3035 in
1348 2997 1499 3056 κερασμω

422 3085 558 3151 ultimus
581 3111 789 3170 repensans,
814 3109 898 3172 qnae
920 3088 1024 3150 mixta
1047 3107 1123 3149 cum
1146 3111 1279 3172 asperos
1296 3085 1447 3150 omnibus
1464 3099 1500 3151 et

423 3225 569 3283 αρχιυσιν
586 3199 737 3264 omnibus
762 3213 795 3264 et
811 3226 911 3266 αιωσιν
934 3200 1085 3265 omnibus
1109 3201 1181 3287 („et
1204 3224 1304 3266 ιιιωσιν
1326 3199 1498 3266 omnibus”

421 3314 457 3376 in
479 3335 580 3399 marg.
604 3311 739 3397 addita):
764 3309 852 3401 ἁπωξ
871 3315 979 3384 datos
1000 3327 1051 3379 est
1072 3316 1174 3379 mixta
1197 3335 1272 3378 cum
1293 3341 1401 3402 κοσμῳ
1420 3336 1496 3403 per·
1514 3335 1542 3376 aa

423 3428 531 3500 nicici,
561 3427 617 3509 qui
641 3437 691 3488 est
712 3449 878 3510 asperam
904 3427 1109 3490 hanceduxi
1132 3451 1153 3493 a
1173 3451 1227 3494 me
1250 3428 1291 3492 ab
1314 3431 1416 3506 initio,
1445 3433 1497 3494 in-

422 3535 483 3599 tuli
506 3537 540 3597 in
562 3539 705 3622 primum
727 3552 952 3625 praeceptum,
984 3552 1016 3604 et
1041 3543 1185 3627 primum
1212 3557 1425 3631 praeceptum
1445 3546 1496 3606 in-

422 3647 499 3712 tulit
526 3675 614 3734 μιροι
639 3653 708 3716 eius
738 3655 773 3714 in
795 3673 951 3738 magnum
980 3652 1109 3732 lumen,
1140 3671 1173 3722 et
1198 3680 1355 3745 magnum
1382 3658 1498 3723 lumen

420 3764 531 3829 intulit
551 3790 638 3852 μερος
659 3769 694 3829 in
716 3788 772 3843 eo,
796 3767 886 3854 quod
902 3771 1038 3858 accepit,
1060 3773 1095 3834 in
1119 3774 1263 3859 quinque
1285 3797 1495 3858 repertores,

422 3893 456 3944 et
470 3880 604 3946 ultimus
621 3909 814 3967 reparcam
830 3885 953 3970 aceepit
966 3910 1052 3970 μιρος
1067 3887 1102 3947 in
1118 3907 1166 3962 eo,
1191 3885 1282 3971 quod
1293 3889 1425 3976 accepit,
1443 3891 1494 3952 in·
1515 3907 1544 3948 ss

421 3995 497 4059 tulit
510 3998 545 4060 in
565 4021 728 4084 κερωσμινς
753 3996 927 4063 etfactnm
945 4001 1044 4063 estin
1060 3997 1109 4063 his
1129 4000 1290 4078 omnibus,
1313 4025 1396 4089 quae
1419 4015 1497 4066 sunt

322 4101 369 4178 15
381 4123 384 4130 '
421 4109 456 4172 in
470 4137 624 4199 κερασμῳ,
641 4111 820 4179 secundum
835 4115 946 4200 (aare)
961 4113 1109 4191 modum,
1126 4135 1224 4200 quem
1235 4117 1301 4180 iam
1313 4115 1379 4180 dixi
1389 4115 1494 4182 vobis.

505 4263 534 4324 6.
572 4266 681 4330 fartum
711 4271 789 4350 (add.
819 4272 914 4355 igitur
939 4272 989 4351 Ρ.)
1053 4270 1083 4332 7.
1117 4273 1177 4337 vidi
1209 4273 1287 4351 (add.
1317 4274 1416 4335 denuo
1443 4273 1493 4352 P.)

421 4361 471 4423 16.
493 4385 549 4444 pro
571 4378 676 4452 σφιραν
697 4367 856 4453 legendum
878 4384 989 4456 opapnv
1010 4373 1045 4452 (i.
1062 4393 1088 4433 e.
1111 4377 1250 4458 σφαιριιν)
1271 4372 1306 4433 Ρ.
