3254 5340
661 454 705 564 ⁸⁷

140 635 312 727 templum.
357 633 447 700 Haeo
471 645 522 700 est
544 633 663 701 solutio
685 633 866 703 verborum
881 638 1037 716 omnium,
1061 661 1145 726 quae
1168 639 1218 706 di·

141 755 190 818 xit
216 765 275 814 tua
297 752 347 814 vis
369 750 502 813 luminis
524 771 583 836 per
612 749 698 814 oden
720 751 915 816 Salomonis.
959 753 1096 818 Factum
1118 742 1218 841 igitur

143 880 208 940 est,
238 886 340 950 quum
368 867 515 950 primum
536 889 693 948 pompae
717 865 861 930 audisset
881 865 962 930 haee
983 867 1101 944 verba,
1133 889 1218 954 quae

144 980 225 1043 dixit
246 978 378 1052 Petrus,
405 977 554 1040 locutum
578 990 628 1040 est
654 981 696 1041 ei:
725 1005 808 1062 ιυγε,
838 1005 988 1062 μακεριος
1009 980 1115 1057 Patre,
1137 981 1217 1046 haee

102 1124 117 1161 s
146 1107 196 1158 est
218 1093 346 1157 solutio·
361 1089 550 1165 verborum,
575 1111 658 1176 quae
682 1089 834 1156 dixerunt
856 1093 888 1179 (i.
905 1113 932 1156 ε.
948 1093 1034 1156 dicta
1050 1095 1146 1178 sunt).

233 1207 374 1292 Pergens
398 1202 430 1268 le
451 1207 572 1270 iterum
594 1207 629 1266 in
651 1225 801 1268 sermone
823 1208 967 1291 primum
988 1231 1146 1291 μυστηριον
1170 1206 1219 1270 di-

144 1323 205 1386 xit:
228 1320 366 1384 Factum
385 1321 483 1404 igitur
504 1329 562 1392 est,
584 1316 732 1382 nondum
754 1340 807 1380 me
831 1316 969 1383 ducente
992 1345 1086 1385 πιστιν
1106 1327 1219 1405 reptat

147 1455 277 1498 sursum
299 1435 333 1494 in
356 1432 446 1506 chao,
473 1444 650 1517 propterea
673 1431 763 1516 quod
786 1430 933 1496 nondum
956 1446 1117 1499 εκελευσεν
1139 1434 1219 1498 mihi

148 1570 189 1611 ex
212 1567 285 1610 meo
308 1558 400 1632 patre
423 1547 454 1632 (i.
471 1567 499 1608 e.
520 1543 668 1609 nondum
683 1548 789 1609 iussus
806 1568 896 1610 eram
919 1569 1026 1610 ameo
1042 1546 1087 1634 p.)
1110 1550 1219 1634 primo

93 1689 120 1730 ro
146 1687 307 1748 μυστηριῳ,
329 1661 586 1745 introspiciente,
614 1685 679 1724 τετε
700 1661 799 1744 igitur
821 1671 898 1746 post
918 1660 1014 1736 haec,
1038 1682 1141 1744 quum
1164 1681 1218 1724 eo·

145 1787 301 1863 gnossent
314 1773 464 1855 προβολει
481 1768 637 1848 audoletus,
652 1795 760 1836 meam
777 1773 932 1860 επορροιεν
943 1773 1073 1836 luminis
1090 1772 1220 1838 auferre

144 1892 230 1955 vires
246 1888 377 1950 luminis
394 1909 413 1949 a
430 1908 508 1961 sese,
528 1909 609 1972 quas
626 1884 819 1950 abstulerint
831 1888 866 1948 in
880 1912 975 1952 atrro
994 1895 1100 1974 repra,
1123 1900 1157 1951 et
1170 1890 1219 1950 in-

144 2006 257 2067 iecisse
273 2023 326 2065 eas
343 2000 496 2088 επερῤοιαν
511 1999 641 2064 luminis
657 2002 854 2063 -iniecisse
870 2021 923 2064 eas
939 2003 973 2063 in
987 2025 1081 2066 πιστιν
1098 2009 1220 2088 reptat,

148 2129 248 2200 atque
268 2117 367 2178 etiam
380 2112 528 2176 videntes
552 2139 645 2179 πιστιν
665 2123 776 2197 raptor
799 2088 982 2199 praeditam
1003 2114 1136 2190 lumine,
1159 2116 1219 2177 sio·

1 2299 3 2316 s
96 2257 123 2298 rs
149 2243 189 2293 ut
212 2228 310 2292 suerit
331 2225 405 2290 inde
429 2225 469 2290 ab
492 2228 599 2302 initio,
625 2228 728 2290 iratae
753 2241 828 2290 sunt
856 2253 950 2292 aaran
979 2238 1092 2314 σοφιφ,
1121 2239 1221 2312 atque

149 2345 247 2408 etiam
270 2342 452 2404 clamarunt
475 2363 604 2404 sursum
622 2339 664 2403 ad
681 2363 776 2403 suum
793 2337 917 2418 audatis,
939 2355 979 2404 ut
999 2345 1133 2406 veniens
1148 2341 1220 2416 βοη·
1243 2347 1273 2399 ><

148 2457 217 2548 θηεῃ
242 2456 316 2532 sibi,
339 2467 378 2519 ut
400 2453 568 2518 auferrent
589 2457 685 2530 vires,
710 2476 794 2539 quae
815 2456 851 2517 in
872 2465 985 2542 σοφιφ,
1008 2457 1110 2519 altera
1133 2457 1220 2530 viee;

148 2586 246 2658 atque
269 2567 401 2639 andalae
422 2572 511 2631 misit
533 2591 573 2632 ex
595 2567 764 2632 altitudine
791 2571 826 2631 in
849 2567 973 2632 decimo
996 2571 1094 2632 tertio
1126 2559 1221 2644 arura,

149 2688 236 2750 misit
258 2685 355 2748 aliam
378 2705 531 2768 magnam
553 2685 621 2745 vim
644 2681 784 2757 luminis,
808 2681 1056 2748 descendentem
1073 2686 1107 2745 iu
1123 2682 1230 2746 chaos,

96 2825 123 2866 ss
150 2798 193 2863 ad
214 2800 319 2860 instar
341 2801 476 2882 sagittae
498 2797 652 2872 volantis,
683 2810 722 2858 ut
743 2793 871 2885 βοηθησῃ
896 2799 961 2859 suis
984 2797 1162 2879 προβελιιις,
1184 2801 1224 2858 ut
1264 2792 1336 2866 136

149 2911 318 2976 auferrent
338 2909 462 2973 lumina
484 2935 606 2979 πιστεως
626 2918 737 2995 cedias
752 2908 854 2971 altera
869 2912 949 2973 vice.
986 2908 1033 2973 Et
1047 2931 1149 2994 quum
1166 2908 1222 2972 de·

150 3023 328 3090 scendisset
353 3027 402 3086 vis
431 3024 561 3087 luminis
584 3023 653 3098 illa,
681 3021 831 3110 προβολει
853 3021 1012 3098 audoinus,
1036 3042 1120 3106 quae
1147 3033 1224 3084 sunt

147 3143 182 3204 in
206 3139 299 3214 chao,
322 3136 481 3211 tardiores
506 3146 731 3223 attestatores
754 3133 895 3200 confisae
919 3148 996 3198 sunt
1017 3135 1167 3208 maxime,
1191 3145 1224 3196 et

148 3266 340 3341 persecutae
368 3265 446 3315 sunt
470 3255 591 3315 iterum
622 3276 718 3315 πιστιν
743 3260 855 3336 raptor
884 3271 1004 3335 magno
1035 3262 1162 3312 terrore
1191 3255 1225 3310 ει

1 3345 3 3354 ,
98 3391 125 3431 es
151 3389 270 3452 magna
292 3364 550 3452 perturbatione,
580 3377 679 3449 atque
708 3362 868 3441 εθλιβησεν
897 3386 969 3427 eam
993 3361 1168 3426 nonnullae
1190 3362 1225 3424 iu

1 3470 3 3487 δ
150 3479 315 3564 apollonem
338 3477 499 3554 ευθαδευς,
526 3501 594 3541 una
616 3504 671 3558 μεν
693 3481 727 3541 in
749 3480 787 3541 iis
811 3481 972 3542 convertit
993 3499 1027 3542 se
1050 3479 1084 3540 in
1105 3483 1225 3563 μορῲην

150 3597 261 3682 magni
277 3597 445 3681 serpentis,
470 3593 572 3656 altera
594 3614 708 3656 rursus
733 3596 893 3657 convertit
915 3615 948 3657 se
970 3596 1006 3656 in
1023 3602 1141 3677 μερφην
1158 3612 1225 3654 ser·

149 3712 258 3797 pentis
281 3707 431 3783 basilisci,
456 3709 507 3770 cui
531 3719 608 3769 sunt
631 3719 755 3793 septem
780 3710 900 3795 capita,
925 3707 988 3772 alia
1010 3727 1124 3771 rursus
1148 3727 1225 3768 eon·

151 3825 252 3886 vertit
274 3843 308 3884 se
330 3825 365 3884 in
386 3830 505 3906 μορφην
525 3820 692 3900 ὃρεκεντες,
721 3835 819 3906 atque
851 3824 954 3884 etiam
972 3823 1078 3906 prima
1100 3817 1228 3898 διναμιι

100 3958 127 4000 ae
156 3931 305 4003 euladius
327 3955 400 3996 eum
424 3935 506 3998 facie
528 3934 645 4010 leonis,
675 3948 773 4019 atque
797 3937 895 3997 etiam
918 3933 1000 3995 aliae
1023 3935 1091 3994 eius
1118 3928 1227 4010 προβο-

153 4061 211 4114 λει
229 4067 351 4121 omnes,
374 4070 532 4134 perquam
554 4048 688 4122 multae,
713 4061 745 4112 et
767 4049 933 4110 venientes
958 4042 999 4106 ad
1023 4065 1057 4106 se
1079 4044 1227 4130 inuicem,

153 4161 343 4227 afflixerunt
364 4189 457 4229 aaran
478 4173 603 4252 σοφιεν,
628 4174 661 4226 ει
681 4164 803 4226 iterum
831 4158 994 4222 duxerunt
1022 4179 1095 4222 eam
1120 4157 1155 4220 in
1180 4181 1228 4222 τι·

236 4300 287 4360 29.
317 4303 410 4384 prima
432 4303 503 4383 (alia
523 4303 616 4385 prima
637 4302 687 4377 Ρ.)
771 4299 822 4360 30.
852 4293 1006 4362 αυθαδους
1026 4296 1105 4377 (add.
1128 4315 1230 4376 „quae

153 4401 216 4463 est”
238 4401 286 4479 Ρ.)
