3296 5354
922 465 968 529 ,68

365 627 366 630 ¹
411 649 517 738 spexit
529 668 547 714 e
560 644 685 712 decimo
698 645 796 710 tertio
805 669 884 710 erosa
900 640 979 708 deus
1000 635 1144 717 solades,
1167 639 1315 727 despexit
1327 644 1362 705 in
1379 639 1485 717 chaos,

300 745 373 823 105
411 766 554 828 irascens
576 759 687 836 valde,
717 759 831 826 volens
860 756 1014 821 adiuvare
1038 753 1173 842 (βοηθειν)
1198 777 1293 819 suam
1320 759 1389 818 vim
1412 777 1487 819 cum

412 876 495 942 faeie
517 875 638 950 leonis,
668 886 768 959 atque
796 872 852 936 illo
880 884 1028 957 tempore
1057 891 1215 934 conversa
1244 882 1294 933 est
1323 867 1367 933 sd
1393 895 1487 934 πιστιν

413 999 526 1079 copres
548 991 598 1056 vis
622 1009 697 1051 eum
719 985 800 1050 facie
822 985 925 1050 leonis
948 986 1019 1070 ipsa
1042 985 1176 1069 eiusque
1200 983 1349 1069 προβολαι
1375 1005 1487 1047 omnes

412 1104 561 1170 volentes
585 1100 714 1164 auferre
735 1099 848 1164 lumen
875 1110 998 1174 totum,
1030 1096 1120 1183 quod
1141 1099 1177 1160 in
1199 1105 1305 1183 σοφιᾳ.
1350 1096 1488 1160 Factum
1524 1119 1537 1157 s

412 1219 512 1303 igitur
528 1227 585 1289 est,
602 1235 705 1298 quum
721 1212 901 1298 affligerent
916 1219 1038 1296 σοφιαν,
1054 1211 1207 1274 clamavit
1222 1233 1352 1275 sursum
1368 1213 1402 1273 in
1417 1210 1488 1274 alti-

412 1328 570 1403 tudinem,
594 1326 736 1389 clamans
760 1347 892 1389 sursum
907 1323 951 1388 ad
966 1347 1029 1401 me,
1053 1325 1095 1388 ad
1111 1324 1331 1390 adiuvandam
1354 1323 1488 1412 (denisce)

416 1461 497 1508 eam.
535 1439 672 1504 Factum
693 1441 793 1526 igitur
816 1452 881 1514 est,
905 1461 1009 1524 quum
1029 1442 1212 1503 intueretur
1226 1441 1261 1502 in
1276 1438 1488 1514 altitudinem,

414 1554 499 1622 vidit
513 1551 628 1628 codols
643 1555 837 1618 irascentem
852 1557 1003 1629 maxime,
1026 1565 1124 1638 atque
1140 1556 1257 1617 timens
1270 1552 1351 1617 dixit
1366 1551 1489 1615 duode-

416 1671 535 1734 cimam
556 1693 706 1751 μετννοιοιν
727 1679 864 1754 propter
887 1665 1002 1741 nodedu
1026 1668 1160 1752 eiusque
1179 1666 1347 1753 προβολαςς
1371 1665 1489 1728 olama-
1515 1691 1539 1729 re

415 1785 465 1849 vit
486 1779 518 1848 de
540 1803 672 1845 sursum
694 1779 812 1847 adme
836 1780 944 1845 dicens
966 1781 1029 1844 hoo
1052 1779 1168 1844 modo:
1193 1780 1264 1857 „Ne
1292 1777 1490 1854 obliviscere,

415 1894 542 1973 lumen,
575 1898 640 1960 mei
675 1897 786 1978 ὑμνου,
821 1894 911 1980 quod
946 1907 1144 1981 aperuerunt
1180 1897 1248 1958 eius
1282 1916 1340 1957 ora
1373 1896 1409 1955 in
1438 1915 1490 1955 me

416 2007 548 2083 eadelm
571 2012 706 2093 eiusque
729 2011 778 2072 vis
802 2029 878 2072 eum
901 2007 982 2072 facie
1004 2008 1121 2083 leonis,
1149 2007 1292 2072 insidiati
1314 2020 1391 2072 sunt
1413 2007 1492 2070 mihi

417 2136 451 2188 et
479 2121 764 2186 circumdederunt
793 2107 846 2185 me
882 2122 1029 2186 volentes
1060 2120 1190 2186 auferre
1222 2143 1332 2186 meam
1360 2124 1429 2186 vim
1459 2133 1493 2185 et

420 2234 563 2302 oderunt
583 2255 646 2310 me,
671 2233 760 2320 quod
784 2235 881 2298 cecini
905 2238 1015 2318 ύμνους
1037 2233 1111 2310 tibi,
1133 2234 1207 2300 loeo
1232 2235 1322 2322 quod
1344 2247 1493 2298 amarent
1519 2260 1544 2299 rs

416 2370 479 2424 me,
503 2345 735 2424 itellectuum,
759 2368 818 2433 ego
842 2344 875 2413 ds
898 2347 1054 2411 canebam
1076 2352 1197 2433 ύμνους.
1238 2348 1416 2413 Consilium
1441 2369 1493 2412 ce·

421 2474 543 2551 perunt
573 2459 770 2525 auferendae
805 2482 899 2525 meae
929 2465 993 2538 vis,
1034 2461 1125 2547 quod
1156 2465 1254 2526 cecini
1287 2467 1398 2545 ύμνους
1432 2461 1493 2524 tihi

417 2575 545 2650 lumen,
577 2588 610 2638 et
638 2573 780 2638 oderunt
800 2596 870 2651 me,
907 2574 997 2661 quod
1026 2575 1122 2640 dilexi
1151 2589 1194 2641 te.
1240 2575 1352 2664 Caligo
1381 2579 1492 2640 venito

418 2710 516 2777 super
539 2683 664 2765 sodada,
688 2701 722 2752 et
742 2701 874 2752 maneto
899 2687 942 2751 ad
965 2691 1033 2752 eius
1057 2689 1206 2754 dextram
1229 2717 1332 2775 αρχων
1350 2690 1491 2776 caliginis

418 2814 587 2878 externae,
611 2815 656 2879 et,
686 2824 788 2888 quum
811 2801 932 2866 iudices
957 2825 1048 2878 eum,
1077 2804 1169 2868 aufer
1193 2807 1261 2868 eius
1284 2807 1352 2868 vim
1376 2803 1416 2867 ab
1440 2825 1491 2877 eo,
1514 2828 1541 2868 n

420 2928 454 2982 et
475 2913 615 2993 lacinus,
647 2913 736 3001 quod
765 2919 975 3002 excogitavit,
1006 2915 1047 2980 ad
1071 2917 1287 2984 auferendum
1309 2941 1420 2982 meum
1437 2917 1492 2980 lu·

419 3051 497 3095 men
520 3052 541 3093 a
562 3053 625 3106 me,
649 3029 777 3094 anseres
801 3053 898 3094 suum
921 3029 962 3094 ab
987 3052 1036 3106 eo,
1061 3044 1094 3094 et
1117 3030 1291 3095 deficiunto
1316 3034 1385 3096 eius
1407 3034 1493 3094 vires

306 3133 380 3206 106
420 3167 533 3210 omnes
563 3166 700 3209 suorum
728 3133 906 3218 ludunum,
938 3165 1022 3229 quae
1052 3147 1166 3220 ineo,
1198 3159 1231 3209 et
1260 3147 1380 3209 sumito
1411 3145 1493 3208 alius

419 3261 488 3324 eius
511 3257 768 3345 magnitudinem
791 3260 825 3320 in
847 3257 952 3321 tribus
976 3255 1168 3342 τριδυνοιμοις.
1214 3258 1319 3323 Sunto
1346 3271 1494 3345 expertes

419 3370 550 3435 lmninis
572 3374 657 3434 vires
682 3392 795 3435 omnes
819 3374 887 3433 eius
911 3371 1080 3455 προβολων,
1110 3375 1244 3458 eiusque
1266 3376 1326 3447 ύλη
1350 3385 1419 3436 esto
1442 3371 1494 3434 lu·
1520 3399 1547 3438 u

419 3486 516 3546 minis
545 3503 670 3567 expers.
714 3482 795 3546 Eius
824 3483 974 3566 προβολοιι
1002 3499 1157 3550 manento
1184 3489 1219 3550 in
1247 3485 1338 3550 chao.
1382 3485 1429 3549 Ne
1453 3487 1495 3548 si·

420 3606 525 3659 nuuto
550 3614 603 3657 eas
626 3597 674 3658 ire
696 3597 730 3657 in
759 3616 856 3658 suum
879 3621 974 3660 τοπον.
1019 3597 1146 3664 Lumen
1173 3621 1286 3664 earum
1310 3598 1437 3664 deficito
1461 3601 1496 3661 in

420 3708 473 3782 iis,
504 3727 586 3772 neve
616 3710 747 3773 sinunto
783 3730 837 3773 eas
866 3707 1062 3776 adscendere
1096 3717 1131 3776 in
1165 3712 1327 3777 decimum
1361 3717 1496 3778 tertium

422 3847 531 3898 esoce,
561 3841 658 3885 suum
686 3848 781 3887 τοπον.
826 3822 968 3910 Purgato
998 3825 1123 3891 lumina
1153 3831 1275 3902 omnia,
1307 3849 1391 3912 quae
1420 3839 1498 3890 sunt

419 3937 455 4000 in
477 3932 614 4013 sodales,
645 3947 884 4020 παραλημπτης,
914 3952 1073 4026 purgator
1101 3939 1280 4016 luminum,
1312 3954 1345 4005 et
1368 3939 1498 4004 auferat
1523 3967 1548 4006 eo

421 4071 461 4115 ea
484 4049 526 4114 ab
548 4049 619 4114 illis.
664 4050 894 4117 Prehendunto
920 4055 987 4118 eius
1011 4053 1166 4139 προβυλως
1186 4078 1328 4141 αρχοντες
1354 4053 1497 4142 caliginis

420 4165 583 4240 internae,
616 4186 699 4231 neve
723 4168 896 4252 quisquam
923 4169 1077 4258 suscipito
1107 4189 1184 4235 eum
1210 4170 1245 4232 in
1273 4190 1372 4234 suum
1400 4190 1497 4242 mser,

508 4393 557 4453 12.
580 4409 762 4476 aperuerunt
783 4399 847 4460 eins
869 4403 936 4481 (sua
956 4400 1007 4480 1³.)
