3254 5340
634 485 700 555 127

127 684 178 740 est
200 668 313 738 similis
335 669 391 745 iis,
417 679 458 732 ut
480 687 668 755 comparem
690 687 764 732 eam
786 689 863 734 cum
884 671 939 747 iis,
963 667 1030 738 auls
1050 673 1114 748 vis,
1138 669 1206 741 aule

125 787 240 852 lumen
256 783 360 849 simile
381 785 436 858 iis,
457 794 497 845 ut
514 783 696 869 exprimam
712 803 778 858 eos,
801 809 835 848 ου
853 809 940 865 μονον
961 787 996 848 in
1010 785 1073 851 hoc
1088 813 1204 874 κοσμῳ,

129 901 202 968 αλλ’
227 901 325 964 etium
352 896 444 962 nulla
467 895 644 960 similitudo
672 899 706 959 in
729 895 779 961 his
802 900 859 984 qui
882 899 1068 984 (pertinent)
1093 899 1135 964 ad
1159 901 1205 964 al-

128 1013 301 1080 titudin'em
317 1011 502 1083 tessaram
516 1009 591 1074 inde
608 1009 649 1073 ab
665 1032 781 1075 eorum
793 1035 873 1098 τιπῳ
884 1011 1040 1078 inferiori.
1065 1013 1206 1102 Propter

89 1155 104 1194 ι
130 1129 193 1194 hoc
222 1130 321 1214 igitur
350 1123 501 1214 proiecto
532 1123 642 1189 nullus
672 1123 792 1189 modus
817 1124 962 1190 edicendi
993 1149 1049 1190 eos
1080 1129 1114 1191 in
1143 1128 1206 1192 hoc

128 1243 264 1330 xurppl’
309 1241 447 1305 Factum
470 1241 569 1326 igitur·
592 1251 658 1314 est,
682 1261 783 1326 quum
807 1238 896 1303 lesus
920 1255 1077 1305 cessasset
1100 1240 1206 1306 dicere

129 1357 210 1422 haec
232 1354 334 1420 verba
356 1357 423 1419 suis
446 1352 602 1434 μιθητιιις,
625 1374 800 1440 progressa
821 1353 924 1418 Maria
944 1354 1134 1440 Magdalena
1157 1354 1206 1420 di·

131 1471 182 1536 xit
201 1468 291 1532 lesu:
326 1471 396 1545 „mi
418 1467 565 1544 domine,
592 1488 633 1530 ue
655 1469 795 1532 irascere
823 1467 902 1532 mihi
931 1468 1112 1556 exploranti
1134 1491 1207 1534 rem

135 1605 267 1648 omnem
288 1584 322 1646 iu
346 1581 508 1670 diligentia
530 1595 564 1646 et
586 1589 763 1668 arpenna,
796 1594 835 1645 ut
862 1585 927 1646 mei
958 1581 1075 1647 iratres
1098 1610 1206 1667 κηρυσ-

78 1724 107 1766 ιι
133 1723 222 1764 curu
254 1719 293 1761 ea
320 1698 355 1760 in
383 1723 458 1784 γενει
487 1695 649 1772 humano,
683 1708 723 1759 ut
749 1694 917 1760 audientes
945 1723 1135 1781 pensarum,
1168 1711 1208 1761 ut

133 1825 304 1878 serventur
327 1833 347 1875 a
369 1836 493 1896 κρισισιν
521 1808 610 1875 druis
639 1835 948 1896 amanuensium,
975 1822 1015 1873 ut
1040 1813 1206 1875 venientes

131 1928 167 1990 in
201 1925 406 1990 altitudinem
440 1937 644 2010 κληρινιμωσι
678 1945 816 2010 regnum
850 1924 999 2002 luminis,
1032 1939 1208 2012 propterea

134 2039 234 2126 quod,
257 2043 303 2104 mi
325 2039 470 2117 dentiae,
493 2065 527 2104 ou
546 2065 633 2122 μονον
649 2061 761 2103 sumus
784 2038 1009 2104 misericordes
1033 2061 1109 2126 erga
1131 2063 1208 2104 nos-

135 2167 205 2218 met
231 2156 336 2240 ipsos,
367 2167 457 2220 ιιλλιι
485 2175 597 2218 sumus
626 2151 852 2218 misericordes
884 2175 960 2240 erga
991 2179 1071 2237 γενος
1098 2167 1208 2218 totum

82 2290 111 2331 ts
138 2267 332 2342 humanum,
360 2280 398 2331 ut
421 2281 591 2332 serventur
614 2291 634 2332 a
657 2293 780 2350 κρισισιν
803 2266 955 2332 omnibus
979 2267 1078 2333 duris.
1115 2269 1208 2332 Nunc

135 2385 234 2469 igitur
258 2408 314 2458 ουν,
337 2384 382 2446 ιιιί
398 2381 544 2458 domine,
567 2396 704 2469 propter
723 2382 786 2446 hoc
803 2381 1011 2469 exploramus
1026 2405 1078 2447 res
1096 2405 1208 2447 omnes

133 2499 167 2562 in
190 2496 370 2584 diligentia,
399 2509 438 2560 ut
464 2498 530 2560 mei
557 2496 675 2560 fratres
698 2522 879 2580 κηρυισωσιν
902 2519 941 2560 ea
963 2525 1037 2581 γενιι
1064 2499 1126 2561 toti
1149 2497 1208 2560 ho·

134 2613 276 2686 minum,
299 2624 338 2675 ut
360 2633 401 2675 ne
424 2613 559 2675 veniant
580 2613 615 2674 in
637 2633 754 2676 manus
778 2636 928 2697 αρχοντων
950 2609 1109 2676 durorum
1134 2610 1209 2674 cali·
1248 2603 1323 2674 900

138 2727 234 2812 ginis,
257 2727 361 2789 etuti
384 2739 555 2790 serventur
577 2749 597 2790 a
619 2740 859 2809 πιραλημπτιιις
876 2725 965 2789 duris
989 2726 1131 2812 caliginis
1155 2747 1209 2790 ex·

81 2861 111 2904 ac
138 2839 279 2904 ternae.”
323 2838 461 2902 Factum
484 2851 549 2915 est,
581 2861 683 2924 quum
706 2838 795 2903 lesus
825 2838 970 2902 audisset
990 2839 1069 2903 haec
1100 2838 1210 2915 verba,

137 2975 224 3041 quae
248 2951 329 3016 dixit
344 2952 453 3030 Maria,
475 2953 647 3040 respondit
667 2979 770 3035 σωτηρ,
795 2955 934 3016 existens
957 2954 990 3014 in
1013 2974 1133 3036 magna
1150 2955 1210 3014 rni-

138 3067 315 3134 sericordia
332 3089 408 3153 erga
424 3089 506 3142 earn,
523 3067 605 3131 dixit
619 3071 661 3132 ei:
684 3065 849 3154 ,‚explora,
866 3087 950 3150 quae
965 3067 1015 3128 vis
1031 3064 1211 3151 explorare,

137 3198 171 3250 et
199 3205 259 3270 ego
290 3181 445 3247 revelabo
475 3180 510 3245 id
540 3182 598 3245 tibi
629 3184 662 3246 in
694 3181 857 3267 diligentia
888 3193 921 3244 et
950 3189 1114 3265 ωσφιιλειφ
1145 3180 1212 3241 sine

139 3297 330 3386 aapsfiatpl'
368 3296 506 3360 Factum
528 3298 627 3382 igitur
651 3309 715 3372 est,
739 3318 842 3382 quum
858 3294 961 3359 Maria
976 3292 1119 3357 audisset
1133 3292 1213 3356 haec

86 3432 115 3472 es
141 3408 253 3487 verba,
277 3433 360 3496 quae
378 3409 458 3474 dixit
480 3436 583 3492 σωτηρ,
607 3414 719 3497 gavisa
743 3422 792 3475 est
814 3431 932 3496 magno
957 3407 1075 3496 gaudio
1098 3420 1130 3471 et
1147 3407 1213 3471 lae-

140 3538 211 3590 tata
239 3527 381 3589 maxime
412 3523 493 3588 dixit
513 3523 602 3590 lesu:
633 3528 704 3602 ,‚mi
728 3524 873 3591 dominer
904 3537 1027 3610 quanto
1052 3521 1213 3588 secundus

86 3647 89 3652 ’
136 3665 335 3731 aspersurus
357 3641 463 3704 maior
491 3642 598 3728 primo
622 3641 821 3734 sepseram?
851 3653 884 3706 et
914 3653 1036 3728 quanta
1063 3638 1216 3704 distantia

224 3841 254 3900 l.
276 3840 322 3899 vis
345 3839 537 3920 (,‚qualitas,”
558 3839 616 3900 nisi
639 3839 797 3924 legendum
820 3849 892 3900 sose
905 3840 993 3915 „vis”
1009 3859 1063 3917 pro
1086 3847 1148 3894 sos
1168 3835 1216 3908 P.)

140 3939 171 4000 3.
193 3939 359 3998 similitudo
381 3940 457 4016 (add.
480 3940 632 4016 „iterum”
649 3943 695 4018 P.)
739 3941 767 4000 6.
791 3941 820 3998 in
844 3939 901 3998 hoc
919 3961 1015 4013 κοσμῳ
1030 3934 1108 4012 (add.
1125 3953 1216 4012 „prae

141 4060 247 4122 magna
270 4037 366 4120 gloria
381 4061 482 4100 eornm
498 4042 548 4122 qui
562 4041 742 4122 (pertinent)
756 4039 790 4098 ad
804 4037 1002 4107 altitudinem,
1024 4032 1216 4118 atqnenetiam

141 4161 247 4222 magna
269 4138 410 4218 qualitate
429 4141 577 4202 immensa.
606 4142 734 4221 Propter
756 4139 812 4199 hoc
835 4161 882 4195 ουν
905 4134 1004 4194 nullus
1028 4133 1131 4192 modus
1154 4132 1217 4192 edi-

140 4240 227 4301 cendi
243 4260 310 4300 eum
327 4239 356 4298 in
373 4241 429 4303 hoc
443 4243 564 4320 κοτμῳ”
581 4241 627 4318 P.)
670 4240 698 4300 8.
720 4261 758 4300 ne
781 4239 906 4298 iracsere
927 4233 997 4294 mihi
1013 4233 1089 4310 (add.
1104 4255 1216 4314 „quae-

140 4340 220 4401 renti
236 4352 278 4416 te‚
301 4354 461 4424 propterea
475 4341 554 4424 quod
568 4351 728 4420 ηνωχλησα
742 4339 797 4400 tibi
815 4336 980 4398 multoties.
1010 4335 1098 4397 Nunc
1113 4335 1218 4420 igitur,

140 4441 182 4501 mi
203 4441 340 4518 domine,
362 4463 401 4504 ne
423 4443 550 4505 irascere
570 4441 667 4502 mihi”
689 4441 737 4519 P.)

1262 1821 1299 1876 x<

1308 2673 1343 2738 ι(
