3296 5354
140 661 253 706 omnes
278 649 311 704 et
332 638 372 718 hi,
389 649 501 704 motus
525 658 654 715 omnes,
682 641 740 726 qui
761 637 841 704 faeti
863 639 961 704 sunt?
1006 639 1101 706 Tune
1123 646 1214 726 (eres)

139 755 221 820 dixit
242 755 281 818 iis
303 751 393 818 Iesus
416 753 616 817 misericors:
640 752 788 840 gaudete,
810 751 976 828 laetamini
998 754 1074 821 inde
1096 755 1137 822 ab
1153 756 1215 822 hae

137 869 235 944 hora,
259 865 350 954 quod
372 869 447 931 veni
471 865 514 931 ad
535 892 655 944 τοπους,
686 866 846 954 equibus
869 872 940 934 exii.
985 867 1063 934 lude
1087 869 1128 934 ab
1151 871 1214 936 hoe

138 985 237 1070 igitur
267 979 319 1046 die
345 980 466 1067 loquar
494 980 666 1046 vobiscum
694 984 729 1046 in
761 984 910 1072 παρῥησιφ
945 982 1022 1049 inde
1058 983 1100 1048 ab
1129 1010 1212 1078 αρχῃ
1324 1029 1326 1034 .

109 1093 283 1170 salninse
304 1115 410 1181 usque
433 1093 476 1158 ad
498 1097 568 1159 eius
590 1094 705 1174 finem,
729 1108 829 1182 atque
854 1097 973 1183 loquar
1000 1097 1171 1164 vobiscum
1194 1119 1212 1163 e

138 1209 221 1275 faeie
249 1213 283 1273 in
309 1208 427 1274 faeiem
458 1212 526 1275 sine
554 1209 729 1302 παραβολῃ.
774 1210 873 1275 Haud
896 1209 1007 1278 celabo
1032 1211 1213 1298 quidquam

137 1345 198 1389 vos
227 1321 303 1388 inde
331 1322 372 1386 ab
402 1323 464 1386 hae
492 1322 576 1388 hora
603 1322 739 1400 horum,
770 1347 860 1410 quae
886 1326 940 1412 (se.
962 1325 1138 1412 pertinent)
1169 1326 1213 1390 ad

140 1437 344 1502 altitudinem
368 1437 555 1514 ethorum,
579 1459 663 1524 quae
687 1439 873 1525 (pertinent)
897 1437 940 1503 ad
962 1465 1048 1504 τοπον
1063 1440 1212 1514 eandam.

139 1551 227 1616 Data
249 1553 335 1616 enim
363 1555 452 1638 (qap)
480 1548 601 1641 εξουσια
632 1551 710 1616 mihi
741 1552 782 1616 ab
804 1551 964 1616 lneffabili
992 1565 1025 1617 et
1055 1577 1075 1617 a
1103 1557 1210 1640 primo

96 1691 123 1731 ra
140 1691 292 1752 μυστηριῳ
322 1691 487 1748 uumerus
519 1668 680 1742 omnium,
715 1678 753 1730 ut
785 1666 904 1751 loquar
931 1664 1102 1732 vobiscum
1135 1666 1212 1732 inde

116 1779 180 1844 'ab
203 1806 286 1872 “le
310 1801 415 1867 usque
438 1779 481 1844 ad
502 1793 665 1865 πληρωμα,
689 1791 787 1867 atque
819 1779 860 1843 ab
882 1781 1017 1844 internis
1039 1803 1145 1866 usque
1168 1780 1211 1846 ad

138 1908 283 1971 externa,
308 1907 341 1958 et
363 1892 405 1959 ab
429 1897 569 1959 externis
593 1911 697 1979 usque
720 1893 764 1959 ad
785 1897 923 1960 interna.
959 1891 1080 1961 Audite
1101 1897 1210 1982 igitur,

138 2007 199 2096 (ut)
224 2007 329 2072 dicam
350 2007 445 2073 vobis
468 2031 520 2074 res
545 2030 667 2072 omnes.
872 2089 874 2094 Ι
926 2021 928 2024 ’

227 2121 364 2186 Factum
387 2135 449 2199 est,
485 2145 589 2209 quum
611 2122 760 2188 sederem
786 2134 934 2189 remotus
962 2145 983 2186 a
1010 2120 1105 2188 vobis
1127 2144 1209 2209 pau·

95 2265 121 2304 rs
139 2227 244 2301 lulum
259 2240 293 2300 in
307 2249 418 2302 monte
435 2235 594 2302 olivarum
613 2241 757 2324 cogitans
772 2234 871 2327 ταξεις
891 2235 1053 2320 desaevias,
1074 2249 1211 2325 propter

138 2373 239 2438 quam
261 2354 378 2416 missus
402 2373 490 2427 sum,
515 2350 605 2438 quod
627 2352 761 2440 impleta
784 2364 847 2429 est,
870 2365 969 2438 atque
985 2349 1134 2416 nondum
1148 2353 1210 2414 mi-

138 2469 179 2532 sit
204 2465 283 2530 mihi
306 2487 417 2530 meum
439 2469 673 2532 vestimentum
700 2464 840 2548 (ενδυμα)
869 2465 1022 2550 ultimum
1043 2491 1209 2551 μυστηριον,

137 2579 227 2666 quod
247 2579 336 2644 idem
360 2592 411 2644 est
431 2583 623 2645 vicesimum
646 2594 800 2667 quartum
826 2605 983 2665 μυστηριον
1011 2580 1052 2646 ab
1075 2583 1210 2646 internis

136 2715 241 2781 usque
264 2693 307 2758 ad
329 2707 478 2759 externa:
503 2693 583 2759 haee
605 2697 738 2758 suntin
761 2694 903 2760 secundo
926 2721 1089 2784 χωρημοιτι
1112 2697 1210 2784 primi

93 2837 119 2878 m
136 2835 297 2896 μυστηριου
319 2811 355 2872 in
376 2805 459 2896 ταξει
478 2833 661 2894 χωρημοιτος
682 2809 778 2873 illius.
1205 2883 1208 2889 Ι

225 2922 363 2986 Factum
390 2925 489 3010 igitur
519 2935 581 2999 est,
619 2944 723 3008 quum
757 2921 984 3008 intelligerem,
1023 2919 1210 3006 absolutam

139 3057 210 3100 esse
238 3033 322 3124 ταξιν
355 3057 447 3101 meae
481 3034 645 3113 detonsas,
678 3048 815 3122 propter
851 3057 952 3121 quam
980 3037 1141 3109 venerim,
1177 3046 1211 3098 et

137 3148 287 3216 nondum
308 3175 464 3236 μυστηριον
485 3150 568 3216 illud
593 3152 719 3234 misisse
741 3149 821 3212 mihi
847 3170 959 3213 meum
982 3144 1109 3231 seduna,
1137 3148 1210 3224 hoe,

138 3264 228 3352 quod
249 3266 347 3352 posui
368 3267 402 3328 in
425 3287 481 3341 eo,
509 3263 718 3352 usquedum
745 3262 937 3351 impleretur
965 3265 1034 3329 eius
1063 3275 1209 3349 tempus3

93 3409 119 3448 ις
137 3379 218 3442 haee
247 3382 345 3466 igitur
375 3379 552 3444 meditatus
582 3402 656 3444 sum
685 3377 800 3444 sedens
829 3381 863 3442 in
892 3391 1005 3443 monte
1038 3377 1209 3455 olivarum,

136 3506 283 3558 remotus
307 3517 327 3558 a
354 3492 450 3558 vobis
479 3493 666 3580 paululum:
696 3492 821 3559 factum
850 3505 900 3558 est
926 3491 994 3558 sole
1025 3495 1149 3559 oriente
1176 3493 1211 3556 in

135 3608 215 3674 loeis
250 3621 359 3687 ortus,
379 3607 380 3610 ’
400 3631 466 3695 quo
501 3607 590 3673 sacto
623 3611 736 3695 igitur,
770 3629 830 3697 per
863 3610 1008 3695 primum
1043 3633 1209 3694 μυπηριον,

136 3721 228 3808 quod
250 3736 321 3788 erat
341 3721 418 3788 inde
441 3721 483 3786 ab
505 3724 613 3798 initio,
644 3735 780 3810 propter
807 3721 898 3809 quod
926 3727 1117 3790 universum
1141 3743 1209 3787 ere·

137 3849 230 3898 atum
252 3849 315 3911 est,
339 3857 356 3900 e
380 3857 445 3921 quo
463 3839 525 3904 exii
541 3858 601 3924 ego
619 3859 750 3924 quoque
765 3859 862 3913 nunc,
884 3835 1081 3913 haudmar,
1106 3856 1210 3921 quum

91 3979 119 4019 :a
137 3947 286 4012 nondum
314 3948 540 4015 crucifixerant
568 3974 636 4028 me,
668 3950 725 4016 sed
748 3956 865 4034 (αλλω)
888 3971 988 4014 nune:
1012 3949 1137 4012 sactum
1161 3958 1210 4011 est

137 4071 272 4127 κελευσιι
299 4087 460 4150 pampus
488 4065 590 4143 illius,
624 4068 713 4130 misit
739 4064 818 4128 mihi
845 4084 958 4128 meum
985 4059 1100 4144 ενδυμω
1128 4059 1209 4126 lueis

135 4173 203 4252 hie,
228 4177 284 4261 qui
300 4174 389 4243 dedit
410 4178 499 4245 istud
520 4181 600 4245 mihi
622 4179 698 4245 inde
721 4177 763 4244 ab
785 4181 876 4242 initio
900 4175 976 4252 hoe,
1001 4173 1092 4262 quod
1112 4175 1210 4264 posu'i

136 4292 172 4356 iu
193 4289 310 4357 ultimo
332 4317 500 4384 μυστηριῳ,
537 4293 627 4382 quod
648 4294 737 4360 idem
765 4304 815 4358 est
839 4292 1031 4386 vicesimum
1054 4304 1210 4378 quartum

219 4441 269 4502 19.
291 4441 363 4504 haec
391 4443 470 4521 (add.
494 4466 568 4526 quae
596 4445 647 4525 P.)
688 4443 739 4505 22.
762 4463 844 4506 meae
865 4441 1027 4522 (deleatum
1050 4462 1131 4504 meae
1159 4441 1209 4518 P.)
