3254 5340
623 485 690 552 173

113 663 295 732 bitaculum
329 666 365 730 in
397 659 508 729 medio
544 665 628 729 ostio
666 659 819 750 ‹lpeauror
855 663 997 753 caliginis
1034 678 1195 734 externae.

115 780 243 864 Quodsi
267 777 300 847 de
322 805 363 846 m
390 791 541 864 tempore
568 802 728 860 μιτανοιιις
751 774 925 866 narragam
949 807 1055 867 κοσμῳ
1077 784 1139 844 ιοιί
1162 795 1196 845 ει

114 899 174 985 day
199 895 302 968 omni,
335 894 478 978 quaein
509 913 564 966 eo,
596 905 628 954 et
654 894 794 979 peccatis
825 891 977 957 omnibns
1007 921 1133 976 κοσμευ,
1163 908 1195 958 ει

115 1012 142 1074 si
173 1007 296 1072 suerint
324 1009 359 1069 in
387 1009 527 1095 ὑποταγῃ
564 1008 652 1069 omni
686 1031 852 1090 μυστηριων
885 1007 1032 1084 luminis,
1067 1008 1195 1073 nullum

74 1142 87 1180 e
115 1147 274 1205 μυστηριον
296 1118 390 1184 audit
413 1139 483 1192 cos,
518 1144 583 1184 cora
606 1132 657 1182 est
679 1121 724 1182 eis
747 1121 894 1183 remissio
922 1143 1056 1185 suorum
1080 1143 1194 1207 pecca·

115 1249 236 1310 torum,
261 1259 354 1313 ιιμητι
378 1230 467 1319 apud
489 1257 645 1315 μυπηριον
668 1235 800 1295 unicum
816 1232 1000 1309 lnellabilis‚
1024 1234 1114 1318 quod
1135 1237 1194 1298 mi·

118 1363 246 1415 seretur
268 1348 534 1430 uniuscuiusque,
558 1358 591 1408 et
613 1347 757 1408 remittet
777 1359 911 1432 peccata
931 1350 1195 1434 uniuscuiusque.

116 1462 257 1526 Factum
280 1473 338 1536 est,
361 1480 462 1545 quum
486 1458 576 1522 lesus
600 1471 757 1522 cessasset
773 1457 878 1524 dicere
900 1461 980 1524 hacc
1003 1460 1104 1526 verba
1127 1463 1194 1526 suis

117 1574 281 1661 μοθητωις,
309 1573 449 1638 adorans
471 1573 575 1636 lllaria
598 1570 641 1635 ad
663 1570 762 1658 pedes
785 1572 872 1650 lesu,
900 1572 989 1638 dedit
1012 1574 1123 1638 oscula
1145 1577 1193 1651 iis,

62 1710 89 1751 ιο
118 1688 199 1754 dixit
220 1689 337 1751 Maria:
368 1688 412 1750 mi
437 1685 577 1760 domine,
607 1712 701 1767 ανεχι
728 1708 781 1750 me
805 1701 1016 1772 quaerentem
1039 1699 1087 1762 te,
1111 1708 1194 1751 neve

17 1847 20 1874 ς
115 1807 254 1868 irascere
280 1803 368 1866 mihi.
414 1797 629 1886 Respondens
658 1823 751 1880 σωτηρ
781 1798 862 1864 dixit
883 1801 1020 1864 Mariae:
1050 1800 1193 1888 explora,

17 1951 20 1990 3
117 1916 279 2004 quodvis
303 1915 490 2002 explorare,
527 1926 561 1978 et
584 1935 642 1999 ego
667 1912 819 1978 revelabo
843 1913 877 1977 id
900 1913 957 1977 tibi
980 1917 1013 1977 in
1037 1940 1193 2004 περρνσιᾳ.
1232 1914 1307 1990 275

116 2028 333 2117 Respondeas
357 2031 388 2093 ele
411 2027 570 2091 Mariham
586 2025 681 2091 dixit:
705 2029 749 2090 mi
766 2027 906 2105 domine,
930 2042 979 2093 est
994 2027 1096 2092 frater
1111 2055 1193 2113 αγα-

17 2185 21 2223 ;
119 2143 164 2211 θος
188 2155 221 2206 ει
249 2140 372 2216 honus,
402 2161 499 2224 quem
529 2155 743 2222 ιπληρωσωμεν
769 2167 937 2229 'coccapanis
965 2143 1115 2208 omnibus
1143 2143 1194 2206 lu·

17 2301 20 2340 ‚
65 2278 92 2318 u
120 2259 231 2331 minis,
263 2267 296 2320 et
317 2254 410 2319 fratri
434 2253 479 2316 illi
503 2266 552 2318 est
579 2254 681 2318 frater
705 2268 762 2319 aut
789 2282 946 2341 συγγενης,
977 2257 1064 2344 απαξ
1089 2265 1196 2328 anaor

17 2417 21 2456 ζ
119 2384 169 2436 est
191 2373 220 2434 ei
242 2369 344 2433 homo
369 2370 518 2444 omnino,
551 2381 584 2432 et
606 2369 657 2432 hie
687 2382 737 2432 est
758 2383 911 2457 peccator
943 2384 976 2434 et
999 2371 1110 2448 acatia<
1135 2385 1193 2448 est,

18 2539 22 2570 ;
117 2497 264 2549 autnon
293 2496 343 2546 est
371 2495 540 2569 peccator,
570 2475 696 2546 et'hoc
724 2486 771 2546 ita
801 2497 991 2572 comparato
1024 2507 1195 2571 egressos

16 2653 17 2664 ,
117 2625 237 2679 rouen
261 2595 451 2661 confratris
476 2595 594 2680 αγαθου
618 2595 708 2661 dolet
731 2611 764 2660 ει
785 2611 873 2663 aona
899 2598 938 2663 dc
962 2622 1015 2675 eo,
1044 2598 1135 2686 quod
1153 2601 1195 2662 sit

16 2769 23 2806 f
117 2715 152 2776 in
174 2737 298 2794 κρισεσιν
322 2723 355 2774 ει
376 2725 545 2776 astarten:
569 2732 654 2774 nunc
677 2714 783 2797 igitur,
810 2715 857 2776 mi
880 2713 1019 2789 domine,
1043 2714 1122 2800 quid
1144 2712 1194 2777 fa-

16 2887 21 2918 !
64 2847 92 2888 aa
119 2828 251 2900 ciamus,
278 2847 382 2910 usque
405 2822 484 2888 dum
507 2825 735 2889 transtulerint
758 2847 834 2888 cum
857 2848 874 2889 e
898 2841 1056 2892 saltumn
1079 2841 1112 2890 et
1134 2855 1195 2907 κρι-

16 3001 19 3036 =
118 2965 182 3005 σεσι
208 2937 319 3003 duris?
369 2937 583 3025 Respondeas
613 2939 644 3004 δε
668 2965 761 3020 comp
790 2938 872 3002 dixit
899 2940 1034 3003 Mariae:
1063 2939 1104 3003 de
1132 2939 1195 3002 hoe

116 3053 220 3118 verbo
245 3079 293 3118 ουν
317 3051 381 3116 dixi
404 3051 498 3116 vobis
522 3053 585 3116 alio
603 3065 760 3140 tempore,
784 3053 858 3118 αλλ’
875 3052 985 3128 audite
1008 3079 1064 3128 ουν,
1089 3051 1195 3117 dicam

16 3233 19 3252 ,
117 3171 246 3243 iterum,
270 3166 361 3254 quod
385 3169 473 3230 eritis
496 3165 632 3253 perlecti
654 3193 823 3250 μυστηριοις
846 3166 1006 3239 omnibus,
1031 3165 1120 3253 quod
1134 3187 1195 3230 vo·

16 3253 22 3386 L
118 3281 239 3346 cabunt
253 3303 313 3344 vos
328 3280 491 3367 perlectos
508 3296 687 3362 πληρωμετι
705 3284 811 3358 omni3
835 3303 919 3344 nunc
936 3284 1032 3367 igitur
1048 3282 1194 3345 homines

65 3415 92 3457 as
121 3416 234 3460 omnes
257 3407 454 3481 peccatores,
478 3406 536 3458 aut
559 3397 616 3480 qui
638 3408 826 3482 peccatores
849 3418 916 3459 uon
939 3409 1028 3471 sunt,
1053 3423 1085 3460 ου
1108 3421 1195 3476 μονον

16 3477 21 3604 ἰ
119 3531 222 3596 quum
238 3507 415 3584 volueritis,
439 3531 495 3572 eos
520 3529 589 3572 esse
612 3509 815 3597 recipiendos
832 3531 849 3574 e
865 3536 987 3594 κρισεσιν
1005 3522 1037 3574 ει
1052 3523 1197 3576 neaeram

118 3623 218 3700 duris,
241 3637 333 3689 cana
356 3621 601 3687 transferendos
623 3627 658 3686 in
681 3651 773 3699 σωμε
795 3623 914 3700 dransae,
942 3625 1031 3712 quod
1055 3627 1197 3713 reperiat

16 3789 17 3796 ,
117 3765 267 3822 pometa
291 3736 484 3812 divinitatis,
512 3749 550 3800 ut
572 3737 674 3802 vadat
694 3741 728 3803 in
752 3739 972 3816 altitudinem,
1000 3753 1038 3803 ut
1060 3755 1195 3814 sasamo-

16 3839 19 3946 L
118 3876 201 3940 μηηι
224 3873 362 3936 regnum
384 3850 528 3925 luminis,
558 3850 655 3916 facite
679 3856 813 3916 tertium
836 3879 992 3933 μυστηριον
1020 3848 1196 3914 lnellabilis

16 3953 18 3962 ’
65 3985 93 4025 ao
121 3977 154 4028 et
178 3961 307 4027 dicatis:
338 3967 454 4028 sumite
475 3961 586 4050 dom
610 3964 781 4028 cuiusdam
803 3965 958 4040 hominis,
989 3983 1087 4048 quem
1110 3963 1195 4048 cogi·
1234 3959 1310 4037 276

118 4091 228 4142 umus
251 4079 285 4141 in
308 4091 421 4142 nostro
445 4081 564 4155 animo,
588 4080 706 4143 sumite
731 4101 806 4144 eum
830 4101 847 4143 e
870 4091 1028 4143 κολασεσιν
1045 4073 1197 4140 omnibus

118 4217 279 4282 αρχοντων,
311 4205 345 4259 ει
372 4192 556 4282 σπουδωζιτι
582 4195 617 4259 in
645 4192 824 4270 celeritate,
854 4204 894 4257 ut
923 4189 1092 4256 adducatis
1123 4212 1198 4258 cam

200 4427 231 4486 a
252 4422 423 4512 aaaron.
436 4424 651 4513 (masagam,
665 4427 711 4506 r.)
758 4425 810 4488 ao.
826 4425 976 4490 curnam
990 4425 1135 4510 (cuiusvis
1149 4423 1197 4504 a.)
