3240 5328
650 457 713 526 181

138 647 258 702 xerunt
287 637 317 702 ei
350 659 503 724 αρχοπις
536 657 673 725 magnae
702 633 894 724 ιῖμιρμινης,
925 637 1068 710 dioentes
1101 645 1146 710 ei:
1175 665 1218 716 ne
1255 641 1330 722 287

135 751 285 838 relinque
307 750 391 816 hane
413 747 535 838 dom,
563 777 658 838 ιιμητι
682 751 800 820 dixerit
820 753 879 819 tihi
900 780 1058 840 μυστηριον
1081 758 1216 825 solutio-

136 866 186 929 nis
217 863 394 950 σφραγιδων
425 868 587 945 omnium,
619 866 739 953 quibus
768 881 801 932 te
831 868 1003 956 ligavimus
1032 873 1067 936 in
1096 870 1216 959 ψιχην.

137 978 252 1060 Quum
275 978 399 1043 lactum
422 982 521 1067 igitur
544 1006 592 1046 ουν
614 980 723 1058 fuerit,
750 1001 852 1067 quum
874 980 972 1071 ψυχη
995 983 1112 1050 dixerit
1133 1013 1215 1070 μυσ·

96 1117 111 1155 s
137 1117 228 1180 aspin
251 1092 424 1158 solutionis
447 1115 582 1158 suarum
597 1093 774 1181 σφρηγιδων
797 1109 830 1161 et
844 1097 1051 1164 vinculorum
1068 1101 1215 1168 omnium

136 1231 298 1291 απιμιμου
316 1230 503 1293 πνευματος,
532 1206 667 1273 desistet
686 1211 799 1274 venire
826 1208 983 1276 adversus
1005 1210 1130 1297 ψυχην,
1157 1213 1214 1280 de·

136 1324 231 1387 sistet
251 1321 344 1408 ligari
366 1322 401 1386 in
424 1343 509 1398 earn,
530 1334 565 1386 et
586 1335 735 1410 tempore
758 1323 814 1387 illo
839 1322 915 1389 dicit
938 1325 1081 1412 (Masei)
1097 1353 1213 1405 μυστη-

135 1459 209 1522 ριον,
239 1435 400 1521 relinquet
427 1461 533 1521 μωροιν
563 1438 598 1500 ln
627 1459 688 1501 suo
717 1462 799 1524 τοπῳ
825 1462 979 1522 apxuuru,
1010 1442 1067 1526 qui
1094 1443 1129 1505 in
1158 1443 1213 1508 vla

135 1547 251 1626 medii,
274 1560 307 1612 et
329 1547 436 1614 dioens
459 1551 515 1637 (so.
530 1546 638 1637 ψυχη)
660 1577 818 1636 μυστηριον
834 1564 941 1617 azotu
958 1577 1113 1636 αντιμιμον
1125 1581 1213 1622 auru·

82 1686 109 1727 rs
134 1686 235 1748 ματπ
257 1663 429 1750 (linquens)
452 1690 598 1750 αρχουσιν
617 1661 793 1751 sinopitem
814 1667 848 1728 in
869 1690 960 1753 τοτῳ,
986 1667 1020 1730 in
1043 1688 1109 1752 quo
1132 1667 1211 1755 liga-

133 1790 215 1844 runt
236 1777 325 1842 istud
346 1781 380 1841 in
402 1799 490 1854 eam,
518 1791 552 1842 et
573 1791 722 1866 tempore
745 1778 801 1844 illo
824 1777 863 1843 lit
884 1781 939 1867 (so.
961 1775 1070 1868 ψυχη)
1092 1804 1211 1868 magna

133 1894 278 1982 απορῥοια
299 1891 444 1967 luminis,
475 1891 648 1978 splendens
672 1915 772 1980 quam
794 1895 951 1971 maxime,
981 1907 1014 1958 et
1042 1907 1210 1981 παρωλημ·

131 2032 236 2094 παρις
255 2032 375 2091 sponsu,
399 2029 483 2092 quae
499 2006 683 2073 eduxerunt
699 2029 771 2072 eam
787 2030 805 2072 e
820 2034 950 2090 σωματι,
971 2007 1211 2086 timentlumen

131 2118 245 2208 ψυχης
268 2119 363 2196 illius,
389 2133 428 2184 ut
450 2120 568 2186 cadant
588 2125 622 2186 in
646 2143 740 2186 suam
762 2120 896 2200 faeiem
925 2134 959 2186 et
980 2135 1129 2210 tempore
1150 2123 1208 2188 illo

78 2258 105 2298 ss
134 2239 197 2300 erit
210 2233 307 2322 ψυχη
330 2235 386 2300 illa
408 2257 526 2322 magua
549 2238 690 2325 απορῥοια.
713 2236 854 2310 luminis,
878 2247 911 2299 et
934 2237 995 2300 erit
1010 2236 1062 2300 als
1076 2237 1207 2303 luminis

130 2363 217 2426 tota,
253 2363 286 2414 et
308 2347 459 2414 transibit
480 2373 587 2419 τοπους
610 2371 722 2414 omnes
746 2374 896 2433 apxovrov
919 2362 952 2414 et
973 2347 1071 2439 ταξεις
1093 2373 1207 2416 omnes

127 2451 275 2541 himinis,
300 2462 351 2533 ἕως
373 2486 481 2550 usque
508 2461 588 2527 dum
613 2465 740 2528 venerit
767 2466 802 2526 in
827 2488 915 2529 τοπον
938 2466 989 2527 sui
1016 2467 1120 2550 regni,
1143 2485 1205 2550 pro

130 2601 197 2666 quo
221 2581 346 2666 aceepit
366 2605 534 2663 μυστκρων.
572 2576 607 2642 Si
630 2597 761 2664 quoque
776 2572 871 2663 ψυχη
895 2589 953 2653 est,
977 2599 1063 2662 quae
1083 2578 1208 2664 accepit

131 2718 288 2776 μυστηριον
309 2695 344 2756 in
366 2694 473 2778 primo
496 2718 672 2778 χωρηματι,
702 2689 791 2776 quod
819 2693 923 2757 estin
945 2704 1039 2779 parte
1062 2705 1205 2770 externa,

77 2827 105 2868 ss
134 2818 169 2870 et
193 2817 409 2892 posteaquam
440 2809 564 2893 accepit
585 2831 750 2889 μυστηρια,
779 2816 820 2866 ιιι
845 2804 1016 2890 perliceret
1038 2828 1092 2882 ea,
1121 2807 1204 2870 etsi
1242 2803 1317 2876 288

132 2941 292 2983 conversa
312 2921 494 3006 peccaverit
515 2923 634 2984 iterum
655 2930 733 3005 post
755 2914 906 2980 absoluta
922 2943 1082 3000 μυστηριω,
1104 2931 1205 3003 atquo

132 3036 231 3100 stiam
261 3055 335 3098 oum
361 3033 532 3120 impletum
561 3031 660 3096 luerit
687 3045 817 3115 tempus
844 3031 949 3094 exitus
975 3029 1061 3094 illius
1083 3027 1204 3115 «hoxae,

129 3149 269 3214 veniunt
296 3161 522 3234 παραλημπτωι
549 3173 676 3233 spirant,
710 3158 749 3209 ut
777 3145 899 3211 ducant
924 3142 1036 3230 dom
1065 3143 1155 3208 illam
1185 3163 1204 3210 e

130 3287 269 3346 σωματι,
290 3275 323 3327 et
343 3288 435 3348 μοιρα
458 3275 492 3326 et
513 3287 672 3346 ωντιμιμον
691 3285 861 3346 πνευματος
882 3271 1124 3347 persequuntur
1137 3253 1204 3342 ψυ·

75 3399 103 3442 ss
129 3403 192 3462 χην
213 3375 311 3453 illam,
336 3389 512 3464 propterea
534 3373 625 3462 quod
647 3401 805 3458 αντιμιμον
824 3399 991 3456 assonaret
1010 3371 1148 3458 ligatum
1168 3372 1203 3436 in

130 3514 206 3556 eum
235 3492 330 3580 dege:
358 3490 443 3575 eam)
466 3498 632 3575 σφραγισιν
655 3503 688 3554 et
713 3489 850 3554 vinculis
874 3482 1203 3574 αρχοντων-ικολουθιι

125 3603 224 3698 doxa
246 3607 292 3671 illi
315 3604 497 3671 ambulanti
519 3607 553 3668 in
575 3607 636 3668 viis
659 3630 820 3690 αντιμιμου
840 3629 1023 3689 πνευματος,
1047 3601 1125 3666 dioit
1146 3602 1201 3690 (se.

125 3717 235 3807 ψυχη)
258 3745 415 3804 pompos
438 3718 608 3784 solutionis
633 3719 841 3786 vincrdorum
869 3721 1016 3786 omnium
1043 3731 1078 3782 et
1097 3725 1201 3803 σφρα-

128 3831 218 3918 γιδων
240 3836 402 3909 omnium,
424 3830 542 3918 qulbus
565 3859 707 3916 αρχοντες
729 3834 871 3918 ligarunt
891 3855 1049 3914 ιπιμιμον
1065 3851 1200 3906 πνευμα-

73 3967 102 4009 so
128 3971 179 4016 τος
207 3948 242 4010 in
270 3943 397 4031 'lvffls
427 3959 473 4023 et,
505 3951 531 4012 si
558 3945 655 4036 dextr
689 3945 806 4010 dixerit
838 3967 995 4028 μυστηρων
1030 3936 1200 4006 solutionis

128 4057 316 4150 σφραγιδων,
337 4059 422 4127 illito
445 4061 619 4129 solvuntur
637 4059 767 4128 vincula
789 4054 974 4146 σφραγιὸων,
997 4072 1081 4136 quae
1103 4050 1203 4137 ligata

206 4306 237 4367 5.
259 4327 377 4368 snarnrn
400 4307 473 4387 (del.
487 4306 658 4385 „suarum”
680 4305 729 4383 Ρ.)
784 4303 814 4364 9.
835 4310 934 4362 απολιι
954 4299 999 4379 (in
1022 4310 1105 4362 testu
1121 4315 1200 4381 copt.

123 4406 238 4492 legitor
257 4409 407 4488 „austu”
429 4409 557 4472 sortasse
575 4428 631 4490 pro
652 4401 832 4487 „mavul”
853 4403 887 4464 Ρ.
927 4401 979 4466 13.
994 4399 1201 4486 quae(qnil’.-)
