3240 5328
640 478 706 548 219

138 677 220 746 opus
248 678 357 742 μοιρις
385 667 419 720 et
443 675 512 720 non
542 666 593 722 cst
620 657 649 722 ei
680 655 769 722 aliud
799 677 883 747 opus
911 672 1042 748 praeter
1071 659 1151 740 hoc,
1179 675 1213 730 et

136 796 228 858 μοιμοι
244 767 404 838 *anama
426 780 504 855 post
525 767 692 834 hominem
713 769 806 835 illum
829 793 933 859 usque
958 773 1000 840 ad
1024 774 1110 840 diem
1133 799 1212 844 suae

136 887 262 950 mortis.
307 880 522 969 Respondens
548 881 653 947 Maria
676 882 768 947 dixit:
801 906 882 948 num
911 885 1059 952 homines
1089 911 1211 966 omnes,

139 999 195 1083 qui
225 999 259 1060 in
280 1021 405 1082 κοσμῳ,
431 1007 567 1060 autres
597 1017 724 1072 omnes,
757 1011 944 1082 quaesunt
971 999 1151 1065 destinatae
1171 1003 1211 1066 iis

97 1131 111 1170 s
136 1132 196 1199 per
218 1108 402 1198 εἵμαρμενην,
422 1134 478 1174 ειη
496 1107 619 1193 apator,
638 1134 694 1175 ιιτε
715 1109 850 1186 malum,
874 1137 931 1177 ειτι
952 1125 1132 1198 peccatum,
1156 1139 1213 1180 ove

135 1245 243 1300 mors,
271 1249 327 1290 snt
347 1225 431 1298 vita,
456 1218 546 1310 aaa}
564 1225 671 1292 ὤπλως
693 1243 746 1286 res
770 1243 900 1299 omnes,
924 1245 1008 1310 quae
1032 1225 1212 1292 destinatae

137 1350 214 1401 sunt
234 1339 273 1400 iis
295 1359 355 1424 per
370 1360 522 1418 αρχονταις
537 1333 722 1419 cleopatrae,
745 1335 911 1422 oportebit
931 1339 979 1401 ire
995 1339 1030 1400 in
1050 1338 1110 1402 iis?
1147 1338 1211 1404 Re·

138 1447 302 1537 spondens
329 1473 423 1534 σωτηρ
452 1447 533 1530 dixit
553 1447 802 1512 Maribammae:
832 1451 914 1533 alpes
942 1449 1014 1515 dico
1037 1450 1148 1516 vobis:
1176 1454 1212 1516 in

137 1561 236 1627 rebus
260 1559 421 1637 omnibus,
446 1583 529 1647 quae
545 1559 724 1626 destinatae
748 1573 825 1624 sunt
845 1564 1020 1648 unicuique
1035 1584 1093 1649 per
1108 1562 1211 1649 ιῖμιιρ·

86 1697 112 1739 ιο
137 1700 241 1761 parav,
269 1701 325 1740 ειτι
344 1671 457 1760 apator
480 1673 636 1760 quodvis,
665 1699 722 1740 aare
743 1687 915 1761 peccatum
938 1673 1094 1760 quodvis,
1123 1672 1212 1765 οἱπιξ

137 1792 246 1859 deme
266 1792 301 1852 in
321 1787 420 1852 rebus
444 1787 611 1863 omnibus,
635 1809 719 1873 quae
743 1787 922 1854 destinatae
946 1800 1022 1852 sunt
1043 1789 1096 1864 iis,
1124 1802 1211 1854 eunt.

136 1903 277 1989 Propter
304 1901 368 1966 hoc
397 1903 497 1988 igitur
527 1900 623 1965 attuli
656 1903 720 1964 tria
749 1926 900 1987 pompae
930 1902 988 1987 (ex
1015 1915 1211 1967 correctores
1249 1895 1321 1971 351

138 2015 263 2080 clavem
284 2016 460 2101 μυστηριων)
488 2017 580 2101 regni
608 2014 783 2078 caelorum.
833 2013 989 2100 Alioquin
1007 2015 1108 2098 nulla
1133 2013 1212 2105 σωρξ

136 2131 299 2217 potuisset
322 2129 445 2192 servari
466 2130 501 2191 in
523 2153 645 2212 κοσμῳ,
670 2127 761 2213 quod
782 2129 850 2191 sine
872 2153 1038 2214 μυστηριοις
1056 2153 1115 2214 γαρ
1138 2129 1211 2193 nul·

86 2263 112 2304 n
138 2241 191 2308 lus
218 2239 320 2308 vadet
346 2244 380 2304 in
406 2261 544 2326 regnum
571 2239 716 2317 luminis,
745 2267 801 2306 ειη
819 2237 938 2319 duros,
967 2267 1023 2308 erse
1044 2255 1211 2329 peccator3

136 2369 273 2443 propter
295 2353 358 2419 hoc
381 2381 429 2419 nov
452 2353 518 2418 tale
540 2353 635 2418 attuli
658 2354 764 2420 claves
782 2380 948 2439 μυστηριων
969 2356 1005 2419 iu
1027 2381 1148 2438 κοσμον,
1174 2366 1213 2420 ut

137 2470 299 2534 solverem
321 2480 519 2555 peccatores,
543 2471 600 2553 qui
621 2492 811 2533 πιστευσουσι
826 2467 904 2532 mihi
926 2472 1030 2553 etqui
1051 2468 1213 2534 audierint

135 2605 189 2648 me
213 2585 266 2669 (=
290 2579 471 2646 obedierint
492 2579 605 2664 mihi),
633 2594 672 2645 ut
699 2582 859 2647 solverem
889 2603 945 2646 eos
974 2602 992 2645 e
1019 2581 1156 2646 vinculis
1180 2592 1213 2644 et

139 2703 290 2780 σφραγισι
326 2696 378 2780 (in
410 2715 511 2779 marg.
542 2693 641 2759 addit
677 2719 784 2760 erosos
811 2721 971 2780 αρχοντων,
1005 2708 1045 2760 ut
1078 2695 1213 2781 ligarem

85 2831 113 2871 ae
140 2809 254 2873 cosin
277 2804 467 2891 σφραγιὸσις)
495 2819 528 2870 et
553 2803 708 2892 :adoptare
731 2822 764 2872 et
789 2806 887 2895 τωξεις
914 2809 1061 2884 luminis,
1090 2821 1130 2872 ut
1151 2808 1212 2884 hic,

139 2943 237 3007 quem
261 2920 422 2985 solverem
450 2921 485 2983 in
513 2946 621 3006 κοσμῳ
645 2943 666 2983 a
687 2920 824 2986 vincrdis
853 2933 886 2984 et
913 2929 1078 3004 σφραγισιν
1105 2945 1212 2984 cruror

139 3061 305 3122 ιρχοντων,
329 3033 511 3100 solveretur
532 3035 567 3097 in
590 3033 761 3098 altitudine
783 3057 803 3097 a
828 3033 966 3098 vinculis
990 3044 1023 3096 et
1048 3041 1213 3118 eppe-pro

138 3175 246 3217 causor
264 3173 424 3233 αρχοντων,
448 3161 480 3211 et
501 3147 567 3223 hic,
592 3169 689 3232 quem
712 3147 846 3234 ligarem
868 3149 903 3210 in
924 3170 1031 3231 κοσμῳ
1053 3147 1087 3209 in
1110 3151 1213 3230 σφρα-

137 3260 226 3349 yades
249 3275 282 3328 et
304 3259 459 3343 ενδυμωτα
482 3271 515 3324 et
536 3257 635 3350 τιξεις
656 3260 797 3336 luminis,
819 3260 976 3346 ligaretur
997 3261 1031 3322 in
1053 3271 1140 3322 terra
1162 3257 1213 3321 lu·

86 3397 113 3438 u
140 3378 235 3440 minis
264 3377 297 3438 in
324 3371 424 3464 ταξεις
446 3387 643 3460 tangeremur
672 3373 813 3438 luminis.
857 3372 997 3458 Propter
1025 3383 1214 3458 peccatores

140 3515 187 3554 ουν
207 3501 349 3554 nonos
371 3511 424 3553 me
446 3487 509 3552 hoc
530 3500 691 3572 tempore,
721 3487 817 3552 attuli
837 3510 988 3572 μυστηριοι
1010 3487 1063 3561 iis,
1086 3496 1126 3548 ut
1147 3483 1212 3550 sol·

137 3623 251 3668 verem
273 3625 329 3668 eos
353 3602 394 3668 ab
419 3627 518 3670 eroco
537 3626 697 3687 αρχοντων,
724 3613 764 3664 ut
784 3601 919 3688 ligarem
942 3621 998 3665 cos
1020 3601 1055 3664 in
1076 3612 1213 3684 κληρονο·

137 3743 213 3800 μιας
234 3716 382 3790 luminis,
413 3741 445 3780 cu
465 3742 552 3802 μονον
577 3728 783 3802 peccatores,
815 3728 905 3782 ωλλα
928 3740 981 3780 aar
1001 3711 1146 3786 damasus,
1176 3721 1215 3772 ut

140 3823 253 3888 darem
276 3829 314 3888 iis
337 3851 487 3910 pompae
511 3827 553 3890 ad
581 3827 790 3892 adducendos
818 3849 874 3891 eos
905 3829 939 3886 in
966 3824 1093 3895 lumen,
1124 3817 1215 3902 quod

87 3958 115 3999 eo
141 3938 210 4000 sinc
231 3959 399 4019 μυστηριοις
418 3961 478 4018 γαρ
501 3957 569 3999 non
590 3949 731 4020 possunt
753 3935 828 3996 duci
850 3933 893 3998 ad
914 3933 1035 3996 lumen.
1075 3930 1215 4017 Propter
1253 3925 1328 4000 352

139 4050 203 4114 hoc
226 4073 274 4114 ουν
295 4043 385 4110 haud
409 4045 526 4124 celavi,
557 4045 629 4113 αλλ’
651 4045 830 4110 exclamavi
854 4054 986 4131 φανιρως
1015 4056 1049 4108 et
1073 4065 1141 4108 non
1165 4063 1214 4108 se·

139 4164 256 4249 paravi
277 4172 481 4247 peccatores,
510 4161 583 4226 αλλ’
600 4158 702 4222 effudi
714 4158 753 4244 (l)
769 4171 815 4222 'et
837 4157 902 4223 dixi
928 4156 1114 4222 hominibus
1144 4179 1214 4221 om·

140 4273 252 4350 nibus,
274 4272 500 4361 peccatoribus
524 4284 557 4339 et
579 4270 700 4343 δικαιοις
722 4269 845 4338 dicens:
874 4273 1035 4358 quaerite,
1063 4283 1103 4336 ut
1123 4273 1214 4336 inve·

140 4390 248 4464 niatis,
270 4399 396 4464 vocate,
418 4401 457 4454 ut
479 4389 623 4478 aperiam
645 4384 749 4464 vobis,
773 4383 864 4473 quod
886 4407 971 4452 unus
993 4411 1053 4474 pap
1076 4387 1215 4472 quisque
