3296 5354
663 484 704 549 61

142 687 198 732 me
228 663 447 729 liberaturum
478 681 565 738 esse,
603 674 781 751 propterea
816 662 906 752 quod
940 665 1100 734 faciebam
1129 681 1222 735 tuam

142 779 366 853 voluntatem,
390 797 430 840 ex
455 796 521 862 quc
546 797 636 841 eram
658 779 693 841 in
713 799 790 842 meo
814 805 902 846 seuva.
934 778 1106 847 Faciebam
1129 798 1222 848 tuam

142 893 352 960 voluntatem
375 893 459 956 sicut
482 915 615 976 capara,
640 893 696 978 qui
720 894 852 956 suntin
875 915 949 958 meo
973 920 1067 982 τοπῳ,
1092 909 1125 960 et
1139 871 1223 960 sicut

143 1029 238 1072 meos
260 1005 420 1092 συνζυγος,
445 1015 478 1068 et
499 1002 651 1090 lugebam
673 1007 797 1070 intente
814 1029 972 1092 quaerens
990 1021 1087 1074 tuum
1101 1009 1222 1074 lumen.

107 1147 123 1186 s
145 1121 239 1186 Nunc
261 1121 360 1206 igitur
384 1116 669 1183 circumdederunt
690 1140 743 1182 me
766 1119 915 1204 προβολαι
936 1143 1049 1187 omues
1065 1122 1222 1199 astatore,

147 1248 180 1300 et
202 1235 306 1321 gavisi
329 1245 407 1296 sunt
430 1231 469 1296 de
484 1253 547 1308 mc,
570 1244 604 1295 ct
619 1229 806 1296 afflixerunt
819 1255 872 1298 me
887 1233 993 1310 valde,
1015 1235 1105 1302 haud
1121 1239 1221 1302 scien-

145 1361 232 1425 tem,
263 1359 297 1412 et
318 1345 495 1433 fugientes,
527 1343 722 1410 destiterunt
748 1369 768 1410 a
789 1369 860 1423 me,
892 1361 925 1412 et
952 1348 1043 1414 baud
1069 1353 1222 1414 misertas

149 1464 229 1536 mei,
259 1481 408 1524 reversae
432 1461 665 1535 summarum,
696 1486 853 1546 ιπειρασαν
875 1484 944 1540 me,
975 1475 1009 1527 et
1036 1461 1223 1528 afflixerunt

148 1597 203 1640 me
232 1577 267 1637 in
295 1595 413 1660 magna
444 1571 664 1636 afflictatione.
713 1572 943 1640 Frenduerunt
973 1579 1038 1640 suis
1070 1576 1221 1641 dentibus
1291 1603 1293 1608 ¹

90 1716 120 1757 ro
147 1692 182 1753 in
204 1710 257 1753 me
280 1687 428 1752 volentes
451 1684 581 1750 auferre
603 1709 715 1752 meum
736 1686 849 1752 lumen
878 1689 957 1752 mihi
979 1701 1097 1752 totum.
1143 1689 1221 1772 Quo

146 1824 251 1890 usquc
274 1803 385 1888 igitur,
414 1800 542 1875 lumen,
573 1826 691 1884 ωνεχεις
715 1823 769 1866 eas
792 1801 972 1888 affligentes
996 1825 1057 1866 me.
1102 1801 1221 1867 Libera

145 1939 255 1982 meam
277 1919 387 1980 virne
412 1913 662 2001 cogitationibus
686 1936 800 1979 earum
828 1915 939 1992 malis,
975 1928 1008 1980 et
1029 1915 1144 1980 liberes
1167 1939 1221 1980 me

147 2053 167 2094 a
188 2033 223 2095 vi
247 2051 322 2092 cum
344 2027 426 2092 facie
449 2027 567 2104 leonis,
592 2025 682 2112 quod
706 2049 765 2115 ego
790 2029 861 2094 sola
881 2032 916 2094 in
935 2053 1068 2118 caparam
1091 2052 1164 2093 sum
1187 2032 1221 2094 in

146 2143 212 2208 boc
234 2165 329 2228 τοπῳ·
358 2145 496 2228 ὑμνευσω
517 2140 586 2218 tibi,
609 2140 735 2218 lumen,
761 2165 896 2208 versans
918 2145 953 2207 in
975 2142 1083 2209 medio
1107 2165 1221 2209 earum
1272 2143 1321 2216 92

91 2285 120 2326 rs
150 2258 312 2332 omnium,
336 2276 418 2342 quae
442 2268 655 2341 congregatae
678 2268 755 2319 sunt
776 2259 811 2320 in
833 2279 901 2334 me,
926 2270 959 2322 et
978 2257 1125 2322 clamabo
1149 2279 1221 2322 sur·

148 2393 222 2435 sum
246 2366 289 2433 ad
310 2382 342 2434 tc
365 2372 399 2432 in
420 2367 529 2433 medio
554 2390 668 2433 earum
692 2372 853 2448 omnium,
877 2393 962 2457 quae
986 2371 1135 2458 affligunt
1157 2393 1220 2436 mc.

146 2483 242 2550 Nunc
262 2487 371 2570 igitur,
393 2482 519 2559 lumen,
547 2504 589 2546 ne
612 2482 776 2568 gaudento
800 2507 990 2573 superma,
1021 2507 1139 2550 exosae
1166 2506 1220 2549 me

147 2612 181 2664 et
201 2597 351 2663 volentes
375 2596 505 2662 auferre
526 2618 637 2661 meam
658 2599 727 2662 vim
748 2599 844 2677 mihi3
871 2601 948 2677 bae,
971 2622 1055 2687 quae
1079 2597 1221 2664 oderunt

146 2733 199 2776 me
222 2724 392 2776 moventes
417 2732 494 2776 suos
518 2710 630 2776 oculos
652 2713 688 2775 in
708 2735 771 2789 me,
794 2712 884 2778 haud
901 2713 1040 2778 faciente
1055 2735 1108 2778 me
1125 2711 1219 2800 quid·

93 2855 121 2894 ac
148 2828 318 2913 quamtis.
355 2825 439 2890 Nam
461 2823 581 2889 blande
605 2824 738 2911 quidem
761 2826 1013 2913 alloquebantur
1035 2849 1088 2892 me
1110 2826 1218 2892 verbis

146 2936 280 3004 mitibus
307 2941 545 3027 interrogantes
574 2961 626 3002 me
655 2965 807 3024 μυστηρια,
833 2939 979 3015 luminis,
1017 2961 1101 3025 quac
1130 2938 1221 3004 haud

146 3055 242 3128 novi,
266 3049 406 3118 dicentes
427 3052 520 3127 mihi,
550 3051 738 3117 insidiantes
761 3053 856 3128 mibi,
880 3064 913 3117 ct
934 3054 1108 3116 irascentes
1131 3051 1219 3126 mihi,

147 3162 239 3252 quod
267 3189 426 3232 επιστευσα
454 3165 584 3243 lumini,
621 3164 712 3252 quod
740 3168 774 3229 in
804 3164 984 3230 altitudine.
1028 3163 1219 3251 Apericntes

147 3301 185 3344 os
210 3302 308 3344 suum
330 3281 364 3342 in
377 3301 445 3356 me,
469 3278 635 3344 dixenmt:
658 3283 788 3366 utique,
812 3278 998 3344 auferemus
1015 3280 1083 3342 eius
1098 3276 1218 3342 lumen

92 3425 120 3466 a
146 3393 241 3458 Nunc
263 3395 369 3480 igitur,
391 3393 518 3470 lumen,
540 3396 662 3458 novisti
685 3415 799 3458 earum
823 3393 951 3470 dolum,
974 3415 1015 3458 ne
1039 3418 1131 3474 ανεχι
1155 3413 1219 3467 eas,

145 3528 229 3572 neve
255 3506 322 3585 fac,
352 3521 446 3572 tuam
474 3506 609 3584 βοηθειαν
637 3520 799 3573 remotam
827 3531 897 3574 esse
925 3530 945 3572 a
970 3529 1034 3572 me.
1078 3505 1219 3583 Festina,

143 3621 272 3697 lumen,
302 3620 356 3685 fac
378 3643 491 3686 meum
513 3619 669 3684 iudicium
700 3635 732 3687 ct
760 3645 868 3688 meam
891 3621 1083 3697 vindictam,
1115 3633 1148 3686 et
1169 3623 1218 3685 iu·

144 3733 216 3800 dica
238 3757 293 3799 me
314 3738 349 3798 in
370 3747 431 3798 tua
453 3731 632 3825 ωγωθοσυνῃ.
670 3735 762 3801 Nunc
785 3739 892 3824 igitur,
915 3734 1027 3800 lumen
1048 3735 1219 3810 luminum,

145 3867 188 3909 ne
211 3846 386 3911 auferunto
409 3869 522 3912 meum
542 3846 655 3912 lumen
678 3873 698 3913 a
720 3872 787 3926 me,
811 3871 893 3914 neve
915 3847 1046 3912 dicunto
1064 3843 1154 3932 apud
1169 3865 1218 3909 se:

92 3987 120 4028 ω
147 3970 263 4021 nostra
283 3961 333 4022 vis
357 3963 474 4024 satiata
496 3974 546 4026 est
568 3964 637 4026 eius
660 3962 798 4039 lumine,
829 3982 911 4025 neve
936 3959 1084 4024 dieunto:
1118 3955 1218 4020 devo-

146 4072 293 4134 ravimus
324 4072 392 4135 eius
421 4075 500 4150 vim,
537 4087 627 4141 ιλλω
655 4075 757 4161 caligo
787 4074 994 4161 supervenito
1022 4071 1056 4132 in
1086 4089 1154 4144 eas,
1185 4083 1219 4134 et

145 4196 243 4250 sunto
266 4186 461 4271 impotentes
483 4187 556 4264 hac,
580 4210 664 4273 quae
686 4188 805 4252 volunt
831 4183 960 4249 auferre
980 4203 1091 4246 meum
1105 4182 1219 4248 lumen

143 4320 164 4364 a
185 4319 249 4376 me,
273 4313 306 4364 et
326 4298 489 4366 induunto
512 4300 609 4366 cbaos
625 4313 659 4366 ct
678 4298 828 4366 tenebras
845 4298 1000 4364 dicentes:
1025 4295 1218 4363 abstulimus

225 4445 277 4508 33.
299 4447 475 4511 abstulimus
495 4447 676 4529 (auferemus
699 4448 750 4526 P.)
