3254 5340
657 489 702 554 83

143 683 192 736 est
219 671 255 734 in
284 668 354 732 eius
382 689 480 736 aaron
503 664 671 745 omnibus3
700 679 733 731 et
755 685 858 760 quum
884 664 1043 734 vidissent
1062 687 1220 755 magnum

142 786 254 848 lumen
278 781 434 870 απσρῥοιας
457 780 542 844 illius
565 781 716 865 τροβολωι
738 778 895 858 andedum,
917 785 1099 847 timuerunt
1121 805 1220 870 super

143 899 354 972 seinvicem,
386 907 485 979 atque
516 893 657 982 αποῤῥοιω
684 893 740 957 illa
768 898 908 958 extraxit
934 899 974 960 iis
997 898 1082 962 vires
1107 919 1219 978 omnes

142 1012 283 1085 luminis,
308 1030 389 1094 quas
413 1007 620 1071 abstulerunt
642 1032 661 1072 a
680 1033 774 1073 aaran
793 1018 899 1095 σοφιῳ,
923 1032 1029 1094 neque
1050 1024 1221 1092 ετολμκσαν

107 1149 119 1186 s
144 1125 294 1206 προβολωι
317 1120 465 1192 nvindans
491 1120 693 1208 prehendere
727 1123 882 1209 απορῥοιαν
908 1121 1040 1187 luminis
1070 1125 1155 1188 illius
1186 1128 1221 1188 in

145 1238 224 1301 chao
248 1233 474 1310 tenebrarum,
504 1256 611 1319 neque
639 1233 883 1322 prehenderunt
911 1257 984 1300 eam
1005 1262 1097 1327 τεχνῃ
1124 1235 1220 1304 avda·

143 1349 211 1418 δους
241 1349 437 1414 dominantis
464 1351 499 1412 in
526 1348 689 1432 προβολας.
734 1347 779 1412 Et
802 1347 934 1413 Gabriel
957 1361 990 1414 et
1011 1350 1148 1416 llliehael
1169 1365 1219 1416 at·

143 1464 291 1528 tulerunt
314 1463 468 1549 ωποῤῥοιων
494 1461 625 1526 luminis
651 1463 686 1524 in
714 1482 832 1548 eorpus
859 1465 935 1538 ὑλης
957 1489 1081 1535 armine
1107 1474 1221 1552 σοφιας
1314 1521 1315 1524 ,

145 1589 179 1642 et
201 1579 391 1640 iniecerunt.
407 1579 440 1639 in
464 1598 537 1640 eam
559 1575 683 1639 lumina
707 1577 775 1639 eius
799 1578 922 1653 omnia,
954 1597 1054 1662 quam
1077 1577 1219 1644 abstrde-

93 1715 119 1756 ιο
144 1703 224 1755 runt
245 1689 286 1753 ab
311 1712 362 1766 ea,
392 1703 491 1775 atque
515 1692 637 1776 aceepit
664 1689 776 1752 lumen
797 1703 907 1753 totum
930 1716 1023 1774 σωμα.
1048 1695 1139 1769 dnm
1170 1705 1219 1756 at-

143 1827 207 1892 que
231 1807 330 1868 etiam
353 1815 549 1891 acceperunt
576 1802 688 1866 lumen
713 1805 781 1866 eius
809 1806 895 1868 vires
920 1825 1046 1882 omnes,
1079 1808 1219 1890 quaein

142 1941 194 1994 ea,
217 1919 281 1982 hae
305 1939 389 2004 quae
413 1930 609 2004 acceperunt
631 1939 728 1982 suum
751 1917 863 1980 lumen
890 1930 922 1982 et
946 1933 1115 1982 cessarunt
1135 1919 1218 1983 indi·

143 2054 217 2119 gere
240 2033 386 2109 luminis;
409 2055 487 2096 nam
511 2044 707 2118 acceperunt
729 2053 826 2094 suum
847 2030 968 2106 lumen,
993 2032 1082 2118 quod
1105 2032 1218 2098 abstu-

143 2147 254 2210 lerunt
277 2144 317 2208 ab
340 2148 393 2222 iis,
420 2159 598 2233 propterea
621 2144 712 2231 quod
735 2144 896 2209 dederunt
917 2145 1030 2210 lumen
1051 2149 1089 2210 iis
1113 2170 1132 2210 a
1155 2169 1218 2212 me.

11 2315 12 2320 ,
92 2282 118 2323 is
143 2259 189 2323 Et
202 2259 338 2322 Michael
353 2273 386 2323 et
401 2259 541 2335 Gabriel,
566 2261 623 2343 qui
647 2259 816 2332 ὃιηκοιησαιν
835 2259 922 2334 mihi,
947 2257 1112 2323 duxerunt
1126 2261 1218 2348 απορ-

141 2377 220 2462 ῥοιαν
243 2373 372 2437 luminis
400 2375 435 2436 in
458 2373 556 2436 chaos
586 2371 738 2436 daturam
765 2376 803 2437 iis
827 2399 976 2457 μυστηρια
999 2371 1145 2450 luminis;
1168 2375 1217 2438 his
1260 2365 1331 2438 130

142 2485 328 2552 concredita
352 2499 401 2550 est
424 2491 566 2573 απορρωαι
587 2486 735 2565 luminis3
762 2487 856 2562 hane,
881 2509 981 2572 quam
1001 2485 1075 2551 dedi
1098 2490 1146 2563 iis,
1168 2490 1217 2552 in·

141 2601 202 2664 tuli
231 2604 267 2664 in
295 2601 402 2664 chaos.
448 2599 494 2664 Et
520 2600 656 2664 Michael
687 2602 742 2688 (et)
774 2600 905 2666 Gabriel
934 2623 1001 2666 non
1031 2615 1219 2666 sumserunt

144 2714 323 2800 quidquam
345 2714 475 2777 luminis
499 2713 560 2776 sibi
581 2717 616 2777 in
638 2714 816 2779 luminibus
839 2740 962 2786 πιστεως
984 2725 1110 2802 cedias,
1134 2738 1219 2802 quae

90 2853 117 2892 aa
144 2827 351 2892 abstulerunt
366 2850 386 2891 a
400 2828 565 2911 προβολαις
580 2827 736 2898 eudaliae.
775 2828 912 2891 Factum
927 2831 1025 2914 igitur
1041 2843 1099 2904 est,
1116 2852 1220 2914 quum

144 2941 286 3028 απορῤοια
301 2940 431 3004 luminis
446 2941 609 3006 intulisset
622 2944 657 3004 in
672 2968 766 3006 πιστιν
786 2949 898 3027 rodier
911 2963 986 3004 suas
1002 2944 1087 3004 vires
1105 2964 1218 3006 omnes

142 3054 283 3131 luminis,
308 3077 389 3141 quas
413 3053 619 3119 abstulerunt
642 3079 662 3120 a
684 3055 848 3135 προβολαις
874 3053 1035 3128 eudelane,
1059 3053 1146 3116 saeta
1169 3067 1219 3117 est

138 3168 199 3234 'lux
222 3182 308 3246 tota,
332 3162 434 3255 atque
455 3172 553 3233 etiam
575 3173 661 3234 vires
683 3169 830 3244 luminis,
862 3189 946 3253 quae
968 3180 1045 3230 sunt
1066 3170 1102 3230 in
1123 3157 1218 3234 πἰστει

142 3290 255 3368 radia,
286 3305 367 3369 quas
390 3282 479 3347 haud
502 3281 709 3347 abstulerunt
735 3282 885 3369 προβολιιι
911 3278 1070 3356 aelatae,
1100 3281 1217 3346 hilares

89 3421 116 3460 at
144 3395 290 3461 redditae
313 3411 391 3461 sunt
412 3401 532 3461 iterum
556 3411 589 3460 et
602 3397 754 3484 impletae
771 3410 848 3461 sunt
869 3396 1009 3472 luminis,
1033 3403 1067 3459 et
1083 3395 1217 3472 lumina,

143 3531 228 3594 quae
250 3513 431 3576 iniecerunt
459 3513 492 3574 in
521 3537 617 3576 πιστιν
643 3521 772 3598 ronias,
803 3511 1010 3575 vivifiearunt
1032 3536 1125 3593 σωμα
1148 3513 1217 3574 eius

141 3628 224 3700 ύλης,
247 3627 281 3687 in
305 3646 371 3709 qua
392 3625 520 3688 nullum
542 3623 671 3702 lumen,
693 3627 773 3690 haee
797 3647 880 3712 quae
902 3629 1049 3714 peritura
1072 3638 1136 3702 est,
1160 3637 1218 3688 aut

140 3737 220 3801 haee
245 3759 328 3822 quae
352 3741 445 3825 perit,
470 3751 503 3802 et
526 3741 764 3804 constituerunt
787 3743 855 3804 eius
877 3744 963 3804 vires
986 3762 1108 3813 omnes,
1133 3759 1217 3823 quae

142 3863 237 3913 erant
260 3851 444 3928 solvendae,
469 3865 502 3916 et
517 3851 678 3917 dederunt
699 3857 737 3918 iis
755 3857 824 3918 vim
838 3854 977 3917 luminis.
1006 3853 1124 3914 Factae
1142 3862 1218 3912 sunt

85 3987 115 4028 aa
143 3964 274 4037 iterum,
298 3965 381 4028 sieut
403 3979 496 4030 erant
518 3965 559 4031 ab
581 3968 684 4032 initio.
721 3966 830 4052 Atque
850 3969 949 4029 etiam
965 3963 1124 4028 exaltatae
1141 3973 1218 4024 sunt
1241 3979 1242 3982 ’

226 4128 255 4188 1.
279 4129 343 4189 eius
365 4134 527 4209 (,‚eornm'’
542 4133 591 4208 P.)
641 4131 670 4191 6.
693 4131 892 4203 tenebrarum,
915 4148 1012 4208 neque
1034 4121 1139 4205 (ουδε.)
1185 4126 1215 4186 9.

140 4249 227 4309 quam
250 4231 339 4308 (quae
361 4231 410 4309 P.)
453 4233 482 4295 8.
506 4233 536 4293 in
553 4253 660 4312 corpus
684 4230 761 4308 (add.
784 4229 933 4306 ,,σωμα”).
976 4228 1026 4288 10.
1048 4225 1118 4302 ὕλης
1139 4226 1216 4310 (add.

139 4329 247 4404 „eius”
262 4329 313 4407 P.)
354 4333 406 4393 22.
428 4332 617 4394 abstulerunt
639 4331 776 4410 (abstulit
797 4353 822 4391 s.
843 4329 1006 4390 abstulerat
1026 4328 1077 4407 P.)

974 4435 1011 4507 s.
