3254 5340
919 458 986 526 12⁰

413 645 595 710 interram
616 639 762 718 luminis,
798 637 969 728 putabitur
999 659 1113 704 coram
1141 637 1237 705 vobis
1267 640 1372 706 instar
1400 641 1491 726 graui

413 758 558 848 pulveris
586 777 667 845 prae
692 777 812 841 magna
835 754 1003 831 distantia,
1035 777 1101 840 qua
1130 753 1230 818 distat
1258 753 1300 817 ab
1332 775 1371 818 eo
1402 766 1492 819 terra

413 872 546 937 luminis
562 884 596 936 et
610 868 842 956 magnitudine,
866 891 932 955 qua
949 882 999 932 est
1008 867 1106 932 valde
1117 871 1223 932 maior
1239 867 1321 933 illo.”
1352 867 1492 932 Factum

414 988 514 1074 igitur
537 997 599 1061 est,
628 1007 731 1070 quum
753 982 844 1048 lesus
873 995 1030 1048 cessasset
1058 981 1164 1047 dicere
1192 982 1270 1047 baec
1298 980 1401 1046 verba
1424 983 1491 1046 suis

413 1097 571 1187 palasea,
594 1118 767 1185 progressa
788 1096 891 1160 Maria
913 1096 1102 1184 Magdalena
1127 1096 1222 1161 dixit:
1249 1097 1320 1173 „mi
1348 1094 1490 1172 domine,
1524 1121 1534 1160 s

413 1235 456 1278 ne
478 1215 617 1276 irascere
640 1211 719 1274 mibi
743 1213 912 1296 quaerenti
939 1223 989 1287 te,
1022 1223 1197 1300 propterea
1221 1208 1311 1296 quod
1340 1209 1490 1296 explora·

413 1348 488 1391 mus
511 1347 564 1390 res
588 1345 701 1390 omnes
724 1327 759 1388 in
782 1323 984 1411 diligentia”·
1011 1323 1226 1412 Respondens
1249 1322 1282 1390 dr
1302 1323 1393 1388 lesus
1409 1325 1491 1387 dixit

413 1440 549 1506 Mariae:
585 1437 760 1524 „explora,
794 1461 878 1524 quae
900 1441 951 1504 vis
975 1439 1160 1527 explorare,
1196 1451 1230 1502 et
1251 1459 1310 1523 ego
1333 1437 1489 1502 revelabo

412 1552 449 1618 id
470 1552 528 1617 tibi
556 1556 591 1617 in
613 1556 761 1642 παρῥησιφ
791 1555 859 1618 sinc
888 1554 1070 1644 πιριιβολῃ,
1101 1565 1134 1616 et
1162 1574 1215 1618 res
1247 1573 1375 1628 omnes,
1407 1573 1490 1638 quas

414 1665 615 1755 explorabis,
644 1666 750 1730 dicam
778 1666 837 1730 tibi
866 1669 900 1730 in
928 1666 1093 1754 diligentia
1120 1680 1153 1732 et
1182 1675 1346 1753 ωσφιλειφ
1370 1678 1403 1730 et
1431 1666 1489 1730 ab·
1512 1694 1535 1735 a

414 1780 542 1847 solvam
563 1802 625 1845 vos
655 1783 744 1846 omni
774 1780 929 1846 facultate
959 1795 993 1846 et
1021 1796 1202 1863 πληρωμωτι
1232 1781 1322 1844 omui
1347 1778 1424 1845 inde
1449 1779 1490 1844 ab

411 1897 541 1960 interno
577 1897 785 1959 internorum
823 1916 942 1980 usque-
970 1893 1013 1958 ad
1049 1909 1220 1960 externum
1261 1907 1490 1972 externorum,

412 2009 488 2074 inde
524 2007 565 2073 ab
599 2007 759 2074 lneffabili
792 2031 896 2095 usque
931 2008 973 2073 ad
1006 2008 1175 2095 caliginem
1197 2006 1424 2084 tenebrarum,
1451 2022 1492 2074 ut

412 2135 533 2186 vocent
561 2144 622 2186 vos
654 2138 847 2204 πληρωμοιτα.
877 2122 1030 2186 absoluta
1051 2125 1140 2188 omni
1156 2125 1348 2209 cognitione.
1394 2122 1491 2187 Nune

412 2235 525 2320 igitur,
568 2234 686 2311 Maria,
734 2257 869 2320 quaere,
916 2236 1007 2323 qu‘od
1048 2237 1215 2324 exploras,
1258 2249 1291 2300 et
1331 2235 1488 2302 revelabo
1515 2266 1537 2306 u

412 2345 447 2410 id
488 2345 546 2409 tibi
587 2369 707 2432 magno
743 2347 862 2433 gaudio
904 2363 937 2413 et
977 2373 1096 2438 magna
1135 2349 1286 2415 laetitia.”
1349 2351 1493 2418 Factum

412 2462 592 2547 igiturest,
616 2482 720 2545 quum
749 2461 853 2526 Maria
883 2462 1028 2528 audisset
1050 2464 1129 2529 baec
1160 2463 1275 2540 verba,
1300 2487 1385 2550 quae
1408 2465 1492 2542 dixit

412 2598 522 2662 comp,
558 2576 668 2660 gavisa
696 2598 815 2661 magno
845 2575 963 2662 gaudio
996 2592 1029 2651 et
1054 2578 1177 2642 laetata
1205 2577 1298 2642 dixit:
1328 2582 1398 2654 „mi
1429 2579 1492 2644 do-

411 2691 513 2762 minc,
554 2706 636 2752 num
661 2688 818 2754 ‘homines
840 2686 1001 2771 serpen„
1026 2695 1081 2778 qui
1112 2706 1307 2780 acceperunt
1335 2719 1492 2779 μυπηρισι

299 2793 371 2867 188
410 2800 557 2877 luminis,
585 2816 682 2866 erunt
704 2807 958 2891 praestantiores
989 2829 1088 2891 quam
1111 2807 1261 2890 προβολωι
1284 2805 1431 2890 θησαυραυ
1453 2811 1489 2872 in
1513 2835 1537 2876 e

410 2927 470 2980 tuo
493 2939 608 3002 regno,
644 2919 801 3003 quoniam
830 2918 940 2982 audivi
967 2933 1001 2982 te
1025 2919 1200 2996 dicentem,
1234 2943 1337 3007 quum
1360 2921 1489 2988 duxero

409 3051 471 3095 vos
492 3032 528 3094 in
549 3057 635 3096 ccccv
659 3035 885 3118 accipientium
908 3059 1072 3118 μυσττρια,
1107 3059 1194 3103 accos
1221 3047 1327 3098 terrae
1354 3033 1490 3102 luminis

409 3143 582 3231 putabitur
605 3149 716 3210 coram
738 3145 833 3218 vobis
855 3149 958 3212 instar
982 3149 1072 3233 grani
1098 3147 1242 3235 pulveris
1265 3170 1489 3236 praemagna

412 3256 582 3336 distantia,
614 3281 679 3345 qua
703 3258 802 3323 distat
825 3258 866 3324 ab
891 3281 948 3336 eo,
978 3274 1011 3324 et
1038 3283 1156 3348 magno
1186 3260 1309 3326 lumine
1337 3263 1390 3349 (ex
1413 3285 1488 3328 cor-

409 3357 700 3458 rectoredmagna
724 3347 852 3459 glorial‚
884 3376 919 3438 in
942 3381 1015 3461 quo
1033 3389 1096 3451 est,
1128 3397 1212 3462 quae
1243 3388 1293 3440 est
1321 3389 1410 3440 terra
1433 3377 1485 3440 lu·
1513 3405 1539 3446 ι
1611 3415 1612 3462 i

408 3484 521 3557 minis,
550 3481 704 3566 θησαυρου,
732 3511 819 3556 soros
837 3487 1004 3572 προβολων,
1029 3511 1110 3552 num
1134 3516 1245 3566 cuncus,
1274 3493 1320 3553 mi
1343 3487 1487 3566 domine,
1611 3487 1612 3568 l

407 3592 567 3668 homines,
591 3599 783 3681 accipientes
805 3625 964 3683 μυστηρια,
988 3617 1084 3666 erunt
1104 3605 1359 3689 praestantiores
1385 3627 1487 3690 quam

408 3717 499 3770 terra
520 3706 651 3772 luminis
676 3722 709 3772 et
731 3725 827 3775 erunt
849 3719 1103 3800 praestantiores
1127 3739 1227 3802 quam
1248 3717 1304 3781 illa
1325 3720 1360 3781 in
1381 3739 1485 3806 regno

407 3819 585 3886 luminisi'”
636 3822 851 3911 Respondeas
883 3828 914 3893 δε
943 3829 1032 3894 lesus
1070 3830 1150 3894 dixit
1182 3830 1319 3895 Mariae:
1355 3845 1486 3908 „satos

405 3961 528 4022 μετοιγε
551 3937 701 4027 exploras
723 3961 776 4004 res
793 3963 906 4006 omues
927 3945 961 4006 in
977 3942 1140 4032 diligentia
1161 3958 1194 4010 et
1209 3954 1383 4033 capsace,
1407 3945 1483 4013 αλλ’
1510 3973 1538 4014 so

408 4050 495 4127 audi,
518 4051 631 4130 Maria,
654 4053 773 4140 loquar
787 4068 897 4120 tecum
913 4055 958 4120 de
969 4073 1124 4147 συντιλιιφ
1143 4084 1243 4129 osores
1267 4072 1300 4123 et
1315 4063 1484 4126 evectione

406 4165 561 4230 universi.
620 4166 720 4232 Haud
755 4167 906 4268 futurum
940 4184 1026 4237 esset
1054 4175 1116 4250 ita,
1158 4185 1249 4242 eata
1278 4172 1345 4238 dixi
1373 4173 1483 4240 vobis:

490 4307 531 4366 12
552 4319 584 4370 et
604 4309 655 4370 13.
682 4333 777 4393 usque
798 4313 863 4394 (ἕως
880 4337 978 4396 usque
998 4317 1063 4397 P.)·
1110 4315 1161 4378 24.
1190 4329 1221 4380 et
1247 4339 1356 4402 magno
1378 4323 1483 4402 (atque

406 4401 496 4468 ctiam
516 4427 625 4492 magno
646 4409 696 4488 P.)
1082 4435 1083 4440 ¹
1162 4461 1164 4466 -
