3240 5328
973 449 1038 516 194

462 655 625 722 μυπιιριου
649 641 683 696 et
702 653 856 716 pomero.
876 625 1069 704 Ineffebilis‚
1100 628 1156 713 qui
1181 625 1323 696 nondum
1347 627 1495 712 παριβηην,

464 758 556 819 me
579 765 722 831 quorum
744 767 840 814 τιστις
861 756 932 808 erat
953 745 987 808 in
1001 767 1169 826 μυστηριοις
1191 754 1278 806 reete
1297 743 1359 806 sine
1372 744 1495 822 ironico,

465 880 570 946 quum
597 859 695 943 igitur
724 879 785 944 per
808 882 941 941 are-pem
966 853 1141 942 εἷμαιρμινης
1163 857 1359 942 peccaverint
1386 877 1494 940 quoque,

464 985 564 1059 etque
593 972 692 1036 etiam
716 972 863 1037 conversi
885 994 1073 1049 nersroerev,
1104 981 1203 1055 atque
1225 971 1320 1034 etiam
1340 967 1495 1053 recendens

348 1147 351 1154 i
463 1089 501 1154 in
527 1088 594 1150 suis
616 1107 785 1168 prompsere
809 1081 994 1172 quibusvis,
1023 1085 1151 1168 quoties
1180 1085 1219 1148 iis
1244 1081 1415 1148 remittenti
1450 1080 1526 1144 Res

466 1197 630 1286 spondens
658 1196 691 1264 dr
711 1223 805 1282 resep
829 1195 909 1260 dixit
931 1195 1052 1265 Merite
1080 1199 1113 1260 in
1140 1195 1254 1264 mediis
1282 1199 1344 1262 suis
1369 1195 1496 1278 pedicae:

464 1315 555 1394 ἀμην,
577 1313 667 1396 ἀμην,
697 1309 768 1378 dieo
797 1307 906 1374 vobis:
936 1309 1086 1376 homines
1110 1331 1240 1388 omnes,
1272 1312 1325 1396 qui
1352 1310 1496 1394 acceperint
1556 1331 1557 1342 ¹

462 1448 615 1512 prerepto
636 1421 811 1492 Ineffahilis
835 1437 934 1508 etque
958 1425 1057 1488 etism
1078 1450 1229 1505 μυστηριι
1252 1425 1343 1510 primi
1360 1447 1496 1504 pompeio,

462 1537 497 1604 hi
520 1557 579 1624 per
601 1563 735 1622 coeptes
754 1536 931 1621 docentor
956 1549 1094 1624 peccant
1120 1539 1237 1622 quovis
1266 1549 1415 1623 tempore3
1438 1547 1463 1598 et
1480 1535 1497 1596 si
1556 1555 1557 1582 t

463 1676 505 1717 sn
534 1652 682 1718 viventes
713 1653 933 1720 converterint
962 1672 996 1714 se
1030 1675 1276 1733 μετινοησιντις,
1310 1663 1400 1735 etque
1425 1650 1527 1712 edens

462 1766 703 1855 permanserint
730 1767 764 1832 in
799 1767 865 1830 suis
896 1763 1065 1850 quibusvis
1094 1789 1277 1845 μυστηριωε,
1305 1763 1498 1827 remittentis

465 1881 553 1945 omni
576 1891 740 1964 tempore,
768 1876 859 1964 quod
879 1903 1030 1962 μυστηρια
1052 1877 1107 1942 illa
1129 1875 1349 1945 misericordia
1369 1888 1446 1950 snut,
1463 1895 1499 1938 re·

462 1994 617 2062 missores
641 2005 718 2056 sunt
740 1993 830 2058 omni
852 2004 1010 2078 tempore.
1048 1990 1188 2077 Propter
1213 1991 1274 2056 hoc
1297 2017 1342 2056 eor
1359 1985 1498 2058 dirivobis

462 2105 556 2174 olim:
580 2131 731 2188 μυστηρια
746 2105 802 2170 itta
824 2131 857 2169 ou
873 2131 960 2184 μονον
975 2107 1143 2170 remittent
1156 2106 1196 2168 iis
1214 2117 1343 2192 peecata
1358 2126 1418 2178 sue,
1437 2119 1497 2186 quae

461 2220 696 2284 commiserunt
721 2217 797 2282 inde
827 2217 869 2285 eh
899 2220 1009 2293 initio,
1040 2230 1073 2284 et
1105 2217 1195 2282 haud
1226 2221 1382 2305 imputant
1407 2238 1439 2280 es
1460 2213 1526 2276 istis

459 2328 537 2394 inde
560 2329 601 2394 eb
624 2329 687 2394 hoe
709 2342 873 2417 tempore,
900 2329 949 2407 hi,
978 2353 1061 2415 quos
1085 2330 1151 2396 dixi
1173 2331 1270 2398 vobis
1293 2352 1410 2396 sumere
1428 2353 1498 2413 prce·

461 2469 537 2509 scaev
559 2456 709 2528 tempore
739 2446 841 2518 omni,
870 2457 904 2508 et
925 2447 1093 2509 remittent
1115 2467 1251 2531 quoque
1278 2457 1415 2534 peccate,
1439 2459 1497 2526 ques

346 2545 421 2620 310
461 2559 696 2624 commiserunt
717 2559 855 2634 iternm3
879 2556 996 2643 quodsi
1021 2560 1216 2646 accipientes
1236 2586 1387 2645 μυστηριον
1399 2560 1429 2624 in
1440 2577 1497 2636 μυσ-

458 2695 543 2754 neap
565 2667 724 2734 lneffabili
747 2671 836 2736 etin
862 2697 1032 2753 μυπηριοκ
1060 2675 1158 2758 primi
1185 2701 1347 2758 μυστηριου
1367 2681 1498 2738 converte

458 2783 525 2848 rint
548 2803 598 2858 se,
620 2795 659 2846 ut
680 2797 829 2870 peccent,
860 2796 893 2850 et
915 2788 1074 2852 exiverint
1097 2808 1114 2850 e
1137 2813 1261 2869 σωματι
1283 2785 1370 2854 haud
1388 2797 1524 2866 noctes-²

458 2920 570 2972 cerret,
595 2909 691 2964 erunt
712 2899 765 2962 isti
790 2919 922 2983 quoque
945 2896 987 2964 sd
1009 2901 1113 2962 instar
1129 2922 1261 2980 eorum,
1285 2904 1340 2988 qni
1361 2897 1498 2979 repedem
1558 2885 1559 2892 ἵ

456 3007 548 3076 haud
568 3036 811 3092 μιτινοησαντες.
847 3011 974 3078 Eorum
993 3035 1126 3098 quoque
1148 3013 1373 3082 habitandum
1393 3023 1436 3078 est
1452 3027 1499 3074 ne·

457 3119 549 3189 dium
572 3125 694 3188 ostium
715 3121 869 3206 dpexevrrs
892 3126 1033 3212 caliginis
1058 3139 1226 3205 atemere,
1261 3143 1294 3196 et
1316 3143 1497 3202 evenissem·

380 3223 383 3232 ’
456 3260 500 3302 σιν
523 3257 594 3311 eos.
635 3249 674 3300 ut
706 3236 789 3304 finnt
821 3238 911 3304 haud
940 3241 1113 3306 existentes
1143 3263 1251 3328 usque
1280 3242 1323 3310 ed
1356 3254 1498 3306 aeternum·

454 3347 595 3438 Propter
617 3351 680 3418 hoe
704 3350 770 3419 diri
792 3351 902 3418 vobis:
929 3353 1078 3422 homines
1107 3377 1234 3433 omnes,
1266 3356 1420 3444 accepturi
1438 3361 1524 3434 poc-⁵

453 3486 551 3542 merc,
584 3466 610 3526 si
641 3466 809 3530 scivissent
837 3479 982 3553 tempus,
1011 3489 1078 3553 quo
1109 3483 1227 3538 exeant
1258 3493 1275 3536 e
1306 3495 1433 3553 σωματι,
1458 3483 1496 3548 gu·

453 3570 621 3640 berneturi
645 3589 753 3640 essent
781 3599 868 3654 sese,
902 3593 939 3642 ut
962 3603 1003 3644 ne
1025 3596 1210 3668 peccarent,
1233 3597 1273 3648 ut
1294 3595 1497 3662 exserentem

375 3711 398 3752 ’.
452 3705 591 3772 regnum
614 3684 745 3752 luminis
768 3711 873 3776 usque
897 3691 939 3758 ad
967 3707 1146 3760 aeternum.
1190 3697 1282 3762 Haec
1308 3701 1497 3786 igiturque

450 3797 581 3868 locutus
605 3813 691 3868 estet
717 3829 810 3889 σωτκρ
834 3808 899 3870 suis
930 3807 1093 3892 μιθητακ,
1124 3809 1204 3874 dixit
1231 3814 1284 3878 iis:
1316 3837 1412 3884 serres,
1439 3823 1498 3890 qut·

449 3913 550 3979 modo
567 3914 739 3982 vobiscum
758 3917 895 4005 loquar?
934 3921 1148 4008 Respondens
1163 3925 1266 3990 Maria
1285 3925 1378 3989 dixit:
1400 3923 1526 4003 utique*

448 4030 495 4092 mi
511 4027 651 4106 domine,
673 4033 708 4094 in
731 4034 870 4122 euprfisrq.
889 4035 1042 4120 ηκριβωσι
1057 4036 1160 4104 verbs
1184 4042 1303 4116 omnin,
1328 4060 1409 4124 quae
1426 4031 1496 4098 dicis3

530 4171 580 4231 18·
600 4196 749 4259 μυπηρων
770 4174 833 4254 <vel
854 4179 1042 4261 ‚mvrrvetoe'’
1067 4180 1113 4256 P.)
1176 4181 1226 4242 19.
1254 4179 1400 4243 ineffabili
1423 4167 1497 4253 (inei-

445 4265 542 4328 rabitis
564 4270 612 4348 1³.)
674 4274 724 4334 20.
746 4275 887 4348 κώματι
916 4277 977 4356 (vei
994 4299 1039 4354 „e
1061 4281 1199 4352 σωμασι”
1222 4282 1270 4360 Ρ.)
1333 4280 1382 4340 23.
1401 4283 1496 4338 maist·

445 4388 581 4437 κησουσιν
606 4371 817 4446 (coeternum
838 4375 888 4455 P.)
935 4377 985 4440 29.
1007 4402 1092 4442 verns
1113 4385 1212 4462 (verm
1234 4381 1326 4465 igitur
1350 4380 1396 4458 P.)
