3296 5354
689 465 711 530 3

157 645 261 736 pergi)
286 645 430 732 quinque
453 639 602 710 arbores
618 663 726 732 neque
752 639 846 728 (avie)
869 646 969 714 etiarn
994 659 1121 738 reptem
1146 676 1236 740 ωμην,

160 783 244 849 quae
268 758 384 825 eadem
407 771 485 824 sunt
508 751 634 845 septem
658 767 770 845 poree,
800 761 951 848 quiem
979 765 1021 828 eit
1050 786 1167 831 eorum
1187 793 1236 835 η.

159 902 225 951 roc,
256 871 437 939 seeundum
459 877 568 956 (aare)
590 871 743 950 modum,
772 895 839 960 quo
863 890 1030 956 emanent3
1058 901 1165 968 neque
1188 881 1237 948 di-

159 1003 254 1056 xerat
282 987 372 1054 Iesus
404 987 470 1052 suis
504 984 673 1073 parram·
708 1010 854 1074 quonam
881 1016 967 1080 τυπῳ
998 994 1063 1057 sint
1092 998 1237 1084 quinque

127 1131 141 1170 a
160 1128 375 1190 aspernarer,
392 1115 451 1166 aut
466 1124 533 1188 quo
548 1103 583 1166 in
596 1127 678 1190 τοπῳ
694 1100 890 1182 educantur3
913 1127 1021 1192 neque
1036 1105 1129 1189 (eoin)
1146 1109 1236 1178 dixe.
1353 1163 1355 1168 ,

158 1232 212 1284 rat
232 1221 271 1283 iis
288 1221 433 1304 quinque
450 1239 627 1302 χωραγμας
641 1237 749 1303 neque
764 1215 854 1305 (evis)
871 1217 912 1285 de
926 1222 1033 1307 primo
1049 1237 1235 1312 praecepto,

160 1355 227 1420 quo
252 1335 287 1396 in
307 1357 389 1418 τοπῳ
406 1329 603 1408 educantur3
628 1329 685 1396 sed
700 1335 818 1414 (αλλα)
835 1334 941 1406 draus
954 1346 1085 1400 tantum
1105 1337 1236 1404 loeutus

162 1460 214 1512 est
235 1467 310 1510 cum
331 1448 369 1510 iis
385 1443 505 1510 docens
523 1465 593 1521 eos,
616 1446 680 1510 ista
695 1466 780 1522 esse3
805 1443 863 1512 sed
884 1448 998 1534 (auae)
1015 1471 1131 1515 eorum
1147 1475 1236 1520 ema-

162 1563 328 1626 nationem
361 1573 460 1645 atque
496 1555 581 1647 τιξιν
618 1569 734 1624 torum
767 1585 862 1626 τοπων
896 1559 986 1626 haud
1020 1563 1148 1630 dixerat
1180 1570 1235 1646 iis,

117 1705 144 1744 ro
163 1673 330 1762 quomodo
354 1677 433 1750 sint3
461 1687 599 1761 propter
620 1673 683 1737 hoe
706 1676 816 1761 ipsum
837 1677 1035 1753 nescierunt,
1059 1699 1128 1744 esse
1153 1681 1235 1747 alios

160 1815 265 1876 versut
287 1792 375 1853 intra
396 1813 553 1872 pturrnprtv
575 1785 670 1866 illud3
702 1809 808 1874 neque
832 1786 959 1854 dixerat
981 1793 1047 1856 suis
1070 1792 1236 1879 μιθητιιιςτ

160 1899 234 1991 quo
250 1906 286 1967 in
302 1929 389 1990 ⁴'corp
413 1923 559 1990 egressus
585 1903 661 1979 sim,
689 1900 899 1988 usquedum
920 1906 1040 1970 intrem
1062 1909 1097 1970 in
1118 1933 1235 1992 μυστη-

160 2045 217 2105 ριον
238 2015 334 2094 illud,
356 2039 461 2104 usque
485 2016 565 2082 dum
588 2038 703 2083 exeam
726 2015 937 2106 (apertoriex
954 2018 1025 2096 illu,
1049 2020 1106 2086 sed
1122 2027 1236 2108 (αλλι)

163 2131 246 2196 dixit
273 2134 311 2195 iis
343 2130 461 2196 doeens
493 2153 565 2198 eos:
601 2132 679 2198 veni
709 2153 727 2196 e
757 2157 910 2220 μυστηριῳ
938 2131 1005 2198 ilio.
1056 2133 1237 2224 Propterea

120 2275 145 2316 ι.
163 2248 264 2332 igitur
294 2245 522 2310 existimabant
552 2245 592 2310 de
621 2269 774 2334 μυπηριῳ
802 2245 876 2323 illo,
912 2246 1001 2312 istud
1034 2269 1104 2314 esse
1136 2249 1237 2318 tinem

162 2359 277 2424 finium
300 2363 463 2436 omnium,
486 2355 586 2446 atque
607 2360 697 2425 istud
719 2382 790 2426 esse
806 2368 946 2446 κεφαλην
960 2363 1116 2441 universi,
1136 2379 1236 2452 atque

161 2475 249 2540 istud
272 2497 342 2540 esse
366 2487 519 2560 πληρωμα.
542 2497 648 2540 omne.
699 2475 867 2557 Quoniam
889 2473 1010 2560 (eratin)
1042 2475 1132 2544 lesus
1156 2479 1238 2546 dixit

163 2591 228 2654 tuit
254 2588 416 2676 proderant
448 2615 605 2676 μυστηριον
633 2587 715 2652 illud
736 2592 845 2678 ipsunt
874 2589 1053 2655 circumdat
1081 2595 1152 2681 (aut
1180 2617 1236 2662 ex·

160 2704 281 2793 plorat)
311 2706 474 2768 universa
528 2702 623 2784 Quae
654 2701 720 2768 dixi
751 2705 863 2770 omnia
889 2703 984 2770 vobis
1012 2705 1088 2772 inde
1107 2729 1139 2774 a
1169 2707 1235 2786 die,

118 2848 145 2888 aa
163 2841 229 2907 quo
260 2821 386 2886 occurri
409 2821 558 2900 (arena)
580 2815 675 2884 vobis
699 2839 803 2904 usque
825 2815 905 2898 (ἕως)
929 2816 971 2882 ad
997 2818 1084 2902 diem¹
1105 2821 1236 2888 hodier-

162 2955 257 3010 num3
284 2945 460 3020 propterea
480 2935 579 3020 igitur
600 2929 735 3018 proderat
758 2929 1000 3008 existimabant,
1029 2931 1119 2998 haud
1143 2934 1236 3020 quid·

164 3068 267 3132 quam
289 3067 359 3110 esse
380 3049 466 3112 intra
487 3071 645 3133 pompare
667 3043 757 3109 iilud.

245 3159 382 3225 Factum
404 3163 502 3248 igitur
525 3173 589 3239 eet,
614 3181 717 3246 quum
739 3155 873 3242 peierat
888 3156 1038 3223 sederent
1057 3158 1146 3246 apud
1167 3181 1237 3228 sese

161 3277 196 3340 in
223 3289 335 3340 monte
366 3275 543 3352 olivarum,
581 3274 725 3339 dieentes
754 3273 835 3338 haee
864 3271 966 3338 verba
996 3285 1029 3337 et
1058 3257 1236 3360 gaudentes

119 3419 145 3459 aa
163 3411 282 3476 magno
314 3389 433 3476 gaudio
465 3403 498 3454 et
527 3389 710 3454 exultantes
740 3387 837 3454 vaide
868 3400 967 3473 atque
1003 3385 1146 3480 dicentes
1177 3387 1238 3455 sibi

162 3505 316 3568 invitem:
338 3525 400 3569 nos
422 3529 567 3590 μακιριοι
591 3525 705 3568 sumus
727 3524 807 3590 prae
830 3505 941 3585 (rape)
956 3501 1142 3568 hominibus
1166 3525 1237 3570 om-

161 3615 271 3696 nibus,
304 3621 360 3705 qui
381 3621 417 3682 in
438 3630 541 3694 terra,
567 3616 658 3703 quod
680 3642 773 3704 σωτηρ
795 3615 954 3684 revelavit
974 3616 1054 3684 haee
1081 3617 1176 3684 nobis
1205 3632 1239 3685 et

247 3819 277 3880 6.
300 3821 463 3882 educantur
489 3820 567 3899 (add.
589 3815 655 3880 ουδι
677 3819 789 3883 dixerat
816 3820 870 3897 iis,
906 3841 1033 3901 quonam
1059 3821 1149 3882 modo
1176 3841 1238 3880 rna·

165 3939 258 4002 gnum
281 3919 382 3982 iurnen
405 3921 593 4005 dispergatur
614 3943 638 3981 r.
660 3932 792 3995 emanet,
818 3931 870 3980 aut
891 3941 951 3999 quo
974 3920 1004 3980 in
1026 3942 1102 3994 τοπῳ
1133 3916 1238 3978 educa·

165 4028 216 4076 tur
242 4017 291 4095 P.)
353 4019 403 4079 10.
426 4021 577 4100 quomodo
598 4021 659 4082 sint
688 4020 738 4099 (ad
758 4019 896 4080 verbum:
921 4041 997 4077 κατα
1018 4017 1149 4092 modum,
1177 4037 1238 4097 quo

164 4117 226 4177 sint
247 4118 295 4195 P.)
338 4119 388 4178 10.
411 4119 483 4181 alios
504 4144 608 4184 τοπους
629 4120 807 4200 (quaeritur,
831 4129 931 4178 utrnrn
952 4117 984 4176 in
999 4126 1082 4178 textu
1105 4115 1238 4178 scriben-

164 4217 234 4278 dum
256 4217 297 4279 eit
324 4221 389 4280 oen
409 4241 451 4282 rte
474 4242 575 4282 ronoe
604 4240 698 4298 „esse
725 4219 798 4280 aiios
824 4216 964 4290 τοπους”,
998 4227 1032 4277 ut
1053 4215 1081 4278 b.
1109 4217 1140 4278 S.
1161 4219 1238 4292 ruit,

163 4339 199 4380 an
220 4323 308 4380 orii
333 4339 374 4380 ae
399 4342 501 4383 ronoe
527 4323 607 4403 „qui
628 4320 690 4381 rint
710 4318 760 4380 alii
785 4315 887 4377 τοποι”
914 4317 962 4396 Ρ.)
1028 4317 1075 4379 19.
1102 4321 1240 4382 universa

163 4418 226 4496 (rel
248 4419 366 4500 potius:
389 4443 465 4502 quae
486 4421 617 4484 universi
636 4441 676 4482 rc.
695 4430 766 4482 eunt
786 4418 835 4496 Ρ.)

992 4529 1034 4597 a.
