3296 5354
675 459 718 528 57

156 665 208 709 me
230 645 265 706 in
286 667 383 718 eoru,
412 642 468 728 qui
491 662 559 706 non
582 639 746 729 aiiligitur.
790 639 880 707 Haee
900 643 1000 729 igittn·
1023 664 1121 730 quum
1143 641 1234 710 Iesus

159 757 293 822 dixisset
314 759 382 822 suis
408 753 573 842 μαθηταις,
602 776 740 843 pergens
770 755 876 820 adhue
905 755 985 820 dixit
1012 760 1066 822 iis:
1097 757 1233 823 Factum

156 874 346 959 igiturest,
377 891 482 956 quum
505 871 711 956 cognovisset
731 871 781 934 vis
810 891 884 933 eum
912 868 1136 946 facietenus,
1165 895 1234 938 non

159 984 293 1049 ductam
316 1004 387 1050 esse
411 1007 505 1048 πιστιν
524 991 636 1070 redeas
665 1002 797 1046 sursum
823 985 857 1046 in
887 983 968 1048 chao
997 987 1147 1062 omnino,
1176 1007 1233 1052 ve·
1284 977 1333 1050 85

114 1124 129 1162 s
159 1102 250 1163 niens
273 1100 394 1162 iterum
417 1117 492 1160 cum
508 1095 578 1160 aliis
593 1095 756 1184 προβολωις
773 1094 923 1161 omnibus
937 1099 1058 1172 ύλικιιις
1077 1096 1233 1178 avdedoos,

157 1211 347 1277 afflixerunt
367 1213 488 1277 iterum
511 1235 607 1276 πιστιν
626 1219 748 1296 cedaar.
783 1209 922 1274 Factum
936 1213 1033 1297 igitur
1049 1225 1106 1290 est,
1130 1237 1233 1300 quum

158 1325 340 1412 affligerent
370 1345 460 1401 eam,
498 1324 692 1390 exclamavit
720 1326 755 1388 in
784 1323 900 1390 eadem
935 1351 1080 1414 μιτανοιφ
1110 1327 1232 1392 dicens:

159 1439 336 1517 „Miserere
357 1441 437 1516 mei,
459 1438 586 1516 lumen,
612 1437 702 1524 quod
725 1436 875 1525 affligunt
896 1439 1016 1504 iterum
1038 1461 1100 1504 me.
1144 1439 1231 1506 Tur·

159 1550 276 1617 batum
299 1566 348 1617 est
368 1567 505 1640 propter
526 1566 622 1617 tuum
647 1565 807 1618 statutum
828 1550 956 1629 iumen,
990 1552 1081 1639 quod
1106 1557 1141 1618 in
1169 1575 1231 1632 me,

105 1693 133 1734 ro
161 1680 260 1754 atque
283 1668 382 1731 etiam
404 1688 479 1731 mea
500 1669 550 1733 vis
574 1680 608 1732 et
629 1688 721 1731 meus
745 1690 817 1735 vous.
857 1663 932 1730 Mea
953 1668 1002 1732 vis
1026 1669 1112 1753 cepit
1133 1665 1232 1732 detri-

157 1794 307 1846 mentum
335 1793 489 1846 versante
520 1803 574 1846 me
603 1784 637 1845 in
666 1781 715 1846 his
750 1777 955 1843 eruciatibus.
1003 1778 1049 1844 Et
1076 1802 1232 1847 numerus

156 1897 223 1960 mei
244 1897 404 1982 temporis
430 1907 479 1958 est
501 1897 536 1958 in
559 1896 650 1959 chao.
695 1892 824 1958 Lumen
845 1913 958 1956 meum
980 1890 1113 1971 deiecit,
1142 1893 1234 1981 quod

159 2008 366 2075 abstulerunt
387 2030 497 2074 meam
518 2011 587 2074 vim
608 2007 697 2073 mihi.
741 2007 787 2072 Et
808 2017 977 2072 εσωλευσην
999 2009 1085 2072 vires
1109 2029 1233 2086 omnes,

161 2143 246 2208 quae
267 2125 303 2186 in
323 2144 386 2188 me.
431 2122 513 2188 Sum
535 2125 700 2211 impotens
728 2122 795 2207 παρ’
813 2107 959 2204 sextaris
982 2119 1133 2186 omnibus
1162 2150 1232 2190 aaa·

107 2262 134 2302 rs
162 2263 229 2313 νων,
261 2239 317 2323 qui
340 2234 480 2301 oderunt
501 2259 570 2314 me,
598 2249 632 2301 et
653 2262 737 2323 πωροι
759 2236 873 2323 viginti
896 2247 1039 2321 quatuor
1059 2236 1233 2322 προβολωις,

158 2353 194 2415 in
217 2373 358 2437 quarum
379 2377 459 2439 τοπῳ
483 2372 582 2417 etaim
620 2349 665 2415 Et
687 2352 797 2414 timuit
817 2347 929 2427 βοηθειν
950 2348 1031 2413 mihi
1052 2370 1145 2415 meus
1166 2349 1232 2416 fra·

157 2477 224 2542 ter,
247 2487 340 2530 meus
363 2464 521 2553 συνζυγος,
551 2476 688 2553 propter
709 2465 803 2541 haee,
832 2465 867 2527 in
896 2462 1013 2550 quibus
1042 2462 1234 2552 plantarunt

158 2600 220 2644 me.
254 2577 364 2667 Atque
388 2604 530 2664 αρχοντες
553 2601 666 2644 omnes
689 2577 868 2643 altitudinis
891 2577 1078 2644 habuerunt
1096 2602 1149 2645 me
1172 2579 1234 2645 sibi

160 2696 244 2759 sieut
264 2696 349 2771 ὕλην,
378 2695 413 2758 in
437 2715 501 2780 qua
523 2692 652 2758 nullum
677 2692 799 2758 lumen.
843 2690 945 2757 Facta
975 2715 1048 2758 sum
1077 2696 1161 2760 sieut
1182 2697 1232 2760 vis

107 2833 134 2874 as
159 2809 264 2886 ὑλικη,
287 2829 372 2895 quae
395 2806 515 2874 decidit
536 2829 576 2873 ex
599 2833 755 2894 apygouoo,
778 2818 812 2871 et
834 2804 999 2884 dixerunt,
1023 2810 1080 2894 qui
1101 2811 1234 2872 suntin

162 2948 271 3000 amar,
295 2942 424 2987 omnes:
446 2920 535 2987 facta
558 2934 608 2986 est
630 2921 738 2985 chaos.
774 2916 884 3004 Atque
906 2932 984 3006 post
1002 2919 1081 2984 haee
1097 2923 1233 2987 eircum-

164 3034 282 3100 dedere
304 3057 357 3103 me
381 3036 478 3102 simul
500 3039 586 3102 vires
613 3031 895 3110 immisericordes,
918 3044 952 3096 et
974 3031 1126 3097 dixerunt
1152 3035 1189 3120 (i.
1206 3055 1233 3099 e.

163 3150 413 3235 constituerunt)
437 3149 566 3216 auferre
589 3171 701 3214 meum
722 3147 835 3212 lumen
856 3158 980 3222 totum,
1003 3145 1094 3233 quod
1114 3149 1150 3210 in
1171 3169 1233 3213 me.

162 3263 235 3352 Ego
259 3261 291 3330 ds
313 3262 433 3330 credidi
454 3263 529 3342 tibi,
551 3264 679 3340 lumen,
709 3275 809 3349 atque
832 3260 913 3326 dixi:
942 3273 980 3324 tu
1003 3281 1036 3326 es
1059 3281 1152 3325 meus
1175 3286 1234 3328 σω-

109 3404 136 3444 as
162 3405 223 3466 τηρ.
259 3378 305 3444 Et
326 3401 437 3444 meum
459 3392 630 3455 statutum,
654 3377 746 3466 quod
768 3377 910 3442 statuisti
931 3374 1020 3452 mihi,
1043 3388 1093 3440 est
1113 3377 1148 3440 in
1169 3378 1234 3441 tuis

160 3491 321 3559 manibus.
371 3492 491 3558 Libera
519 3515 573 3558 me
602 3517 623 3558 a
652 3492 816 3578 προβολωις
837 3487 1000 3568 eododem,
1035 3511 1120 3576 quae
1151 3489 1251 3556 aiiii-⁴

159 3621 242 3698 gunt
262 3631 317 3676 me
340 3622 374 3675 et
400 3621 644 3696 persequuntur
672 3629 735 3672 me.
778 3604 897 3672 Profer
921 3619 1018 3670 tuum
1045 3604 1157 3672 lumen
1179 3628 1233 3672 su·

158 3745 219 3812 per
241 3745 311 3801 me,
342 3721 434 3810 quod
457 3744 517 3810 ego
545 3721 682 3786 nihilum
705 3743 817 3787 eoram
843 3734 885 3786 te.
929 3720 975 3786 Et
1003 3743 1097 3786 serva
1126 3743 1179 3786 me
1200 3723 1235 3784 in
1285 3715 1335 3789 86

160 3850 221 3900 tua
242 3835 481 3915 misericordia3
504 3857 545 3902 ne
568 3835 620 3900 iao
643 3858 696 3901 me
719 3835 805 3902 affici
823 3836 1014 3923 ignominia,
1037 3857 1115 3898 nam
1131 3847 1168 3897 tu
1191 3853 1235 3909 es,

107 3973 135 4014 st
163 3952 217 4013 cui
246 3951 379 4033 ύμνιυω,
412 3950 532 4016 lumen.
582 3949 690 4015 Chaos
725 3949 869 4035 obtegito
896 3949 1053 4034 τροβολως
1078 3941 1235 4016 audoinus.

163 4063 211 4131 Et
233 4074 367 4128 sumant
389 4067 498 4128 essin
519 4063 683 4130 infernam
706 4064 883 4151 caliginem.
922 4056 1094 4126 Oecludito
1116 4061 1237 4124 ostium

245 4308 276 4370 ⁹.
299 4309 450 4373 Turbatus
472 4312 514 4392 (T
517 4311 652 4373 urbatum
673 4309 724 4386 Ρ.)
767 4310 817 4368 11.
841 4307 921 4388 cepit
941 4305 1151 4369 detrimentum
1173 4307 1235 4393 (ηρ-

160 4407 234 4494 gare
255 4409 382 4473 deficere
403 4411 454 4489 P.)
