3254 5340
932 460 999 530 124

428 655 558 733 ιγγιλοι
576 669 673 732 parav
700 644 925 730 uuusquisque
953 667 1037 710 aare
1068 663 1162 710 suam
1191 640 1344 731 gloriam,
1374 653 1413 707 ut
1440 647 1509 708 sint

427 781 520 847 reges
543 781 673 825 mecum
694 761 729 822 in
751 771 956 844 κληρονομιωκ
978 757 1126 835 luminis3
1150 771 1184 822 et
1205 778 1266 844 ego
1291 778 1347 822 ero
1370 779 1431 822 rex
1452 778 1506 821 su-

428 892 499 962 per·
512 895 568 938 eos
592 894 705 938 omncs
728 875 761 936 in
777 885 982 950 κληρονομιακ
997 871 1138 936 luminis.
1169 871 1258 936 Haec
1272 874 1372 958 igitur
1388 875 1506 948 omnia,

430 1009 515 1072 quae
538 987 604 1050 dixi
628 985 736 1062 vobis,
759 985 848 1050 haud
872 999 969 1050 erunt
991 985 1052 1048 hoe
1075 999 1238 1073 tempore,
1263 990 1334 1050 αλλ’
1353 998 1453 1048 erunt
1473 986 1507 1048 in

429 1115 583 1187 wetsten)
604 1125 718 1176 canses,
755 1123 839 1186 quae
863 1113 913 1164 est
935 1099 1055 1163 solutio
1080 1102 1223 1162 urriversi
1252 1112 1285 1162 et
1307 1111 1356 1163 est
1380 1102 1505 1164 evectio
1539 1124 1550 1161 a

317 1205 389 1282 195
429 1225 500 1277 tota
523 1213 703 1292 αοεθμησεως
722 1210 840 1297 doxon
856 1227 974 1278 τελειων
995 1225 1191 1297 temporaneus
1213 1212 1354 1276 luminis.
1391 1212 1506 1298 ltaque

430 1353 478 1392 ουν
509 1339 584 1390 ante
618 1339 786 1391 concanae
816 1326 912 1402 haec,
948 1347 1032 1412 quae
1069 1325 1149 1402 dixi,
1183 1325 1273 1390 baud
1301 1325 1394 1402 fient,
1431 1325 1503 1392 ω(

429 1439 674 1526 unumquodvis
698 1443 759 1504 erit
782 1443 816 1504 in
839 1463 899 1504 suo
923 1467 1014 1525 τοπῳ,
1040 1445 1074 1504 in
1098 1461 1164 1526 quo
1187 1444 1332 1526 positum
1356 1453 1408 1504 est
1430 1439 1506 1505 inde

429 1553 471 1618 ab
493 1557 595 1630 initio,
618 1577 722 1640 usque
747 1553 827 1618 dunr
849 1552 1050 1619 absolverint
1073 1556 1226 1635 αριθμησιν
1245 1557 1504 1641 congregationis

427 1665 544 1755 ψυχων
563 1683 694 1745 senatun
729 1681 853 1754 septem
878 1677 975 1756 porat
1005 1681 1038 1732 et
1061 1671 1204 1754 quinque
1228 1667 1361 1732 arbores
1386 1681 1420 1732 et
1444 1671 1505 1730 tria
1529 1693 1549 1733 n
1613 1683 1614 1722 t

428 1785 510 1862 ἀμην
539 1796 639 1869 atque
672 1783 827 1870 gemellus
857 1809 967 1863 σωτηρ,
1000 1795 1033 1847 et
1062 1804 1182 1847 novem
1213 1791 1370 1870 φυλακεε,
1404 1795 1506 1868 atque

430 1895 602 1960 duodecim
625 1923 757 1980 σωτηρεε,
780 1910 878 1982 atque
903 1899 959 1983 qui
982 1923 1072 1961 roano
1088 1897 1222 1972 borum,
1246 1899 1301 1982 qui
1317 1897 1506 1983 (pertinent)

430 2009 472 2074 ad
496 2010 657 2086 dextram,
681 2013 793 2097 etqui
817 2037 908 2076 τοπου
927 2036 1032 2090 necao,
1055 2013 1280 2096 unusquisque
1303 2008 1452 2074 manebit
1471 2013 1508 2073 in

428 2149 519 2208 τοπῳ,
542 2127 576 2186 in
593 2147 657 2208 quo
675 2127 771 2212 positi
789 2138 879 2201 sunt,
902 2146 1007 2210 usque
1024 2124 1102 2187 dum
1119 2127 1220 2188 evecti
1237 2124 1359 2188 fuerint
1374 2145 1506 2200 omnes;

429 2235 581 2320 apcdpnrcs
600 2250 707 2304 τελειος
725 2235 841 2322 doxae
861 2253 1056 2320 anapauomenen
1078 2237 1224 2314 luminis,
1255 2252 1288 2302 et
1310 2237 1363 2301 aiii
1391 2265 1505 2320 αρχον-
1531 2263 1549 2303 ts

427 2375 473 2416 rec
497 2371 624 2424 omnes,
655 2353 711 2434 qui
726 2376 913 2428 μετενοησαν,
936 2352 1116 2416 manebunt
1139 2375 1270 2438 quoque
1293 2355 1327 2415 in
1348 2378 1448 2440 τοπῳ,
1470 2355 1507 2416 in

429 2485 495 2549 quo
519 2465 615 2551 positi
640 2476 730 2538 sunt,
760 2485 864 2549 usque
889 2464 969 2529 dum
992 2470 1094 2531 evecti
1124 2467 1244 2530 suerint
1267 2489 1396 2531 omnes:
1427 2465 1507 2549 apad-

427 2603 518 2663 μησις
535 2575 651 2663 (saxna
674 2575 820 2655 luminis3
856 2581 992 2643 veniunt
1021 2601 1149 2656 omnes,
1180 2602 1397 2667 unaquaeque
1420 2595 1507 2646 tem-

426 2711 518 2778 pore,
542 2713 607 2776 quo
632 2693 767 2778 accipiet
787 2718 954 2776 pvrrepaoa,
979 2707 1011 2757 et
1030 2693 1309 2781 transgredientur
1331 2693 1372 2758 ad
1390 2722 1507 2778 αρχον-

426 2829 481 2870 sat
505 2827 627 2880 ornnes,
651 2808 707 2890 qui
729 2833 916 2888 μιτενοηην,
940 2820 973 2870 et
994 2811 1130 2872 veniunt
1151 2812 1185 2872 in
1201 2835 1286 2873 saras
1299 2809 1430 2884 horum,
1448 2814 1505 2896 qui
1529 2833 1552 2874 a

427 2919 614 3005 (pertinent)
638 2919 680 2982 ad
701 2945 793 3004 μεσον
817 2921 920 2998 ethi,
945 2925 1000 3007 qui
1022 2922 1209 3009 (pertinent)
1233 2921 1276 2987 ad
1297 2949 1398 3003 μεσον,
1417 2924 1505 3002 βωτ-

425 3057 552 3096 τισουσιν
573 3055 628 3096 eos
652 3037 804 3098 unctione
821 3061 1019 3126 πνευματικῃ,
1044 3048 1076 3099 et
1088 3046 1310 3122 ’σφραγισουσιν
1327 3059 1383 3100 eos
1399 3047 1506 3122 σφρα-

426 3171 489 3232 γισι
514 3169 650 3210 suorum
672 3174 850 3232 μυστηριων,
882 3162 914 3212 et
936 3133 1216 3236 transgredientur
1238 3152 1324 3213 intra
1346 3151 1422 3226 hos,
1446 3155 1506 3236 qui

427 3260 612 3347 (pertinent)
629 3259 671 3324 ad
695 3287 799 3328 rorant
816 3285 928 3326 omnen
945 3291 1050 3343 percu,
1075 3277 1107 3327 et
1122 3263 1401 3351 transgredientur
1415 3267 1506 3329 intra

426 3373 665 3450 nonachorum,
690 3378 746 3458 qui
770 3374 956 3462 (pertinent)
980 3376 1022 3440 ad
1052 3377 1215 3454 dextram,
1246 3392 1279 3442 et
1300 3382 1386 3443 intra
1413 3405 1504 3443 roras
1529 3404 1552 3443 a

408 3505 546 3548 -novem
566 3493 734 3567 φυλακων,
765 3502 799 3551 et
820 3492 905 3552 intra
929 3517 1014 3555 aanor
1038 3490 1164 3578 gemelli
1192 3503 1331 3572 σ’ωτηρος,
1359 3507 1393 3556 et
1415 3496 1507 3557 iutra

314 3589 386 3660 196
425 3620 511 3660 aaran
533 3599 635 3664 trium
659 3603 739 3678 ἀμην
763 3613 795 3663 et
819 3601 992 3668 duodecim
1014 3632 1158 3688 σωτηρων,
1188 3619 1221 3670 et
1247 3610 1333 3670 intra
1355 3609 1506 3693 quinque

427 3707 560 3772 arbores
592 3723 625 3774 et
655 3724 780 3798 septem
818 3725 937 3801 ponec,
976 3741 1176 3806 unoquoque
1211 3719 1389 3806 praebente
1425 3743 1504 3785 suas

425 3822 601 3908 σφραγιδις
624 3847 760 3890 suorum
783 3855 957 3914 μυστηριων,
980 3844 1014 3897 et
1036 3846 1133 3897 erunt
1154 3835 1392 3921 (invenient)
1416 3837 1506 3898 intra

426 3961 556 4016 omnes,
590 3953 630 4004 ut
658 3945 792 4006 veniant
818 3947 1179 4032 interrumperemus
1208 3947 1349 4013 luminis.
1393 3948 1503 4014 Unus·
1529 3973 1553 4013 a

507 4102 537 4163 7.
560 4125 635 4182 quae
656 4104 715 4163 dixi
737 4105 814 4179 (add.
838 4105 970 4182 „vobis”
992 4109 1041 4184 P.)
1104 4110 1152 4168 10.
1176 4120 1207 4169 et
1220 4109 1278 4169 tria
1293 4113 1395 4191 (atque
1411 4114 1504 4172 etiam

423 4201 481 4261 tria
503 4201 536 4260 P.
598 4206 646 4262 11.
673 4216 761 4284 atque
783 4207 929 4289 gemelius
956 4231 1046 4292 σωτηρ
1074 4211 1176 4290 (atque
1198 4211 1286 4270 etiam
1309 4211 1422 4293 gemini
1445 4237 1505 4269 σω-

423 4323 503 4383 τηρεσ
516 4300 566 4376 Ρ.)
609 4305 657 4362 11.
672 4316 761 4385 atque
776 4307 853 4382 (add.
869 4307 1000 4386 „etiam”
1015 4309 1063 4386 P.)
1107 4310 1157 4370 1⁶2.
1172 4321 1261 4390 atque
1276 4311 1352 4387 (add.
1366 4311 1503 4386 „etiam”

423 4399 458 4460 P.
515 4399 565 4462 13.
587 4412 619 4464 et
639 4404 742 4485 (atquc
759 4407 851 4470 etiarn
871 4407 922 4486 P.)
978 4407 1030 4471 28.
1056 4409 1220 4492 praebente
1241 4411 1318 4492 (add.
1338 4411 1429 4490 „iis”
1451 4413 1506 4494 P.)
