3296 5354
675 441 720 512 25

156 631 222 705 nis,
250 623 404 694 veniebat
425 627 461 688 in
482 621 629 689 medium
652 650 760 691 ιιιωνων
783 637 817 690 et
839 651 990 712 epxevror
1014 629 1173 706 omnium,
1196 629 1234 694 li·
1285 624 1335 699 35

156 756 311 829 gatorum
340 742 375 806 in
405 746 527 826 σφαιρφ
558 752 591 803 et
625 735 786 830 εἷμωρμενῃ
817 753 917 826 etque
948 739 1083 806 abstulit
1112 764 1236 830 purum

155 855 270 920 lumen
293 852 334 918 ab
359 878 505 940 αρχουσιν
528 851 679 916 omnibus
709 879 816 919 otwvuu
840 867 873 917 et
895 853 937 918 ab
961 881 1106 940 αρχουσιν
1130 861 1235 921 omni·

156 967 219 1033 bus
243 966 420 1052 εἱμαρμενης
442 979 476 1030 et
498 974 643 1054 σφωιριις.
687 964 832 1030 Abstulit
860 970 947 1032 enim
975 972 1062 1055 (γαρ)
1089 967 1134 1032 ibi
1156 971 1234 1047 hoe,

113 1108 128 1146 s
159 1081 251 1168 quod
274 1080 422 1146 turbavit
449 1101 514 1144 eos.
558 1079 604 1144 Et
634 1081 787 1144 excitavit
815 1079 1018 1159 σπιυὸαστην,
1054 1085 1110 1168 qui
1137 1106 1236 1172 super

159 1217 231 1273 eos,
262 1207 302 1260 ut
324 1205 531 1260 converteret
554 1214 670 1258 eorum
692 1205 823 1264 κυκλιυς
851 1197 930 1270 cito,
961 1208 995 1260 et
1022 1195 1157 1260 abstulit
1179 1219 1234 1262 eo·

157 1331 235 1374 rum
256 1309 340 1386 vim,
373 1329 457 1394 quae
479 1309 590 1383 iniis,
621 1320 655 1372 et
676 1307 814 1371 halitum
841 1329 958 1374 eorum
988 1311 1053 1374 oris
1081 1322 1115 1373 et
1140 1309 1234 1376 larri-

158 1444 232 1486 mas
270 1443 385 1487 eorum
428 1420 600 1486 oculorum
643 1433 742 1508 etque
785 1424 885 1486 etiam
928 1421 1083 1488 sudorem
1119 1444 1235 1488 eorum

161 1559 318 1623 σωματων.
374 1535 420 1600 Et
453 1532 673 1610 Melchisedec,
697 1547 928 1624 παραλημπτωρ
951 1536 1047 1614 lucis,
1082 1540 1236 1624 purgavit

105 1675 134 1716 io
160 1651 246 1714 vires
269 1649 356 1726 illas,
384 1661 423 1713 ut
444 1661 594 1736 portaret
616 1670 733 1712 eorum
754 1648 867 1713 lumen
889 1652 923 1712 in
939 1647 1079 1736 θησαυρον
1093 1650 1233 1728 luminis,

159 1777 258 1850 atque
287 1785 404 1828 eorum
440 1776 633 1828 cunctorum
664 1766 739 1836 ύλην
768 1763 968 1849 collegerunt
994 1776 1156 1850 λιιτιυργοι
1181 1790 1235 1850 ep-

158 1903 271 1960 χοντων
295 1880 458 1953 omnium,
482 1890 516 1940 et
530 1889 726 1965 aeceperunt
739 1888 902 1962 λειτουργιι
922 1901 1071 1962 αρχοντων
1087 1879 1235 1943 omnium

160 1989 335 2075 εἱμαρμινης
358 2004 392 2054 et
411 2003 573 2078 λειτουργιι
594 1999 744 2078 emrtuos,
768 1993 824 2076 qui
845 1990 933 2054 infra
956 2017 1076 2068 ιιιωναις,
1099 2003 1138 2054 ut
1158 1990 1234 2056 inde
1275 2052 1303 2102 χ

162 2102 308 2169 facerent
328 2101 439 2189 ψυχην
466 2105 652 2180 hominum,
681 2118 715 2169 et
736 2125 908 2191 pecorum,
937 2117 970 2169 et
992 2104 1171 2192 reptilium,
1202 2119 1237 2170 et

107 2238 135 2278 rs
163 2215 342 2283 bestiarum
365 2217 504 2303 (θηριων),
534 2231 568 2282 et
590 2220 715 2295 avium,
744 2232 844 2304 atque
871 2220 1039 2284 mitterent
1065 2222 1101 2282 in
1122 2243 1235 2304 κισμιν

159 2333 339 2397 hominnm.
384 2331 492 2419 Atque
516 2335 614 2396 etiam
636 2345 888 2418 πιραλημπτορες
911 2333 987 2398 solis
1011 2346 1045 2398 et
1065 2345 1234 2421 παραλημ-

158 2472 259 2534 πτορες
280 2447 392 2524 lunae,
416 2470 520 2533 quum
535 2445 758 2534 adspexissent
774 2447 913 2524 caelum,
936 2460 976 2511 ut
988 2446 1139 2512 viderent
1153 2472 1234 2529 σχη-

157 2587 247 2648 μωτα.
268 2565 399 2626 viarum
422 2588 530 2627 ιιιωνων
552 2573 586 2625 et
612 2587 767 2643 σχηματα.
786 2560 961 2647 εἶμαρμενης
989 2575 1021 2626 et
1044 2570 1179 2650 σφωιριις
1202 2573 1236 2625 et

160 2675 332 2742 abstulisse
357 2697 433 2740 eum
455 2677 524 2739 vim
547 2675 677 2738 luminis
702 2674 742 2738 ab
766 2678 851 2750 istis,
879 2688 913 2740 et
933 2687 1094 2763 pararunt
1116 2697 1151 2740 se
1172 2699 1234 2739 πα-

106 2809 134 2850 m
158 2802 366 2877 ρωλημπτορες
394 2789 487 2864 solis,
516 2801 555 2852 ut
583 2787 784 2853 dimitterent
805 2788 901 2864 illud,
930 2811 1035 2874 usque
1066 2788 1146 2852 dum
1176 2787 1234 2853 da·
1285 2787 1335 2860 36

159 2917 234 2968 rent
255 2915 509 2987 παραλημπτιρσι
539 2901 771 2967 Melchisedeci.
821 2901 948 2966 Purum
969 2901 1081 2964 lumen
1104 2923 1234 2966 eorum-

162 3037 227 3101 que
254 3018 356 3089 ύλικην
386 3013 511 3080 faecem
538 3015 685 3080 tulerunt
712 3018 747 3079 in
776 3023 922 3103 σφαιριιν,
957 3035 1041 3100 quae
1071 3025 1121 3078 est
1148 3013 1236 3078 infra

163 3153 285 3204 ιιιωνιις,
313 3142 351 3192 ut
377 3128 522 3194 fecerent
544 3129 643 3218 (inde)
666 3127 776 3216 ψυχην
799 3129 984 3218 hominum,
1013 3140 1112 3212 etque
1136 3129 1235 3192 etiam

160 3254 201 3306 ut
223 3241 367 3308 fecerent
388 3242 486 3331 (inde)
509 3245 639 3333 reptilia
669 3256 702 3308 et
729 3264 850 3330 pecora
873 3255 906 3306 et
927 3240 1047 3306 bestias
1071 3239 1178 3328 (θηρια)
1202 3253 1236 3306 et

107 3377 134 3418 ne
162 3379 241 3422 eves
263 3383 345 3424 noro
363 3371 475 3424 κυκλιν
495 3385 645 3444 αρχοντων
665 3366 800 3446 coeam
821 3357 906 3421 illius
930 3369 964 3422 et
979 3381 1061 3422 uero
1079 3379 1236 3440 σχηματιι

161 3474 273 3536 omnia
294 3471 426 3538 illorum
450 3475 681 3550 conversionis,
704 3485 738 3539 et
758 3485 798 3537 ut
820 3471 995 3537 delicerent
1017 3493 1057 3536 ea
1074 3473 1110 3534 in
1123 3495 1236 3553 κισμον

158 3585 346 3666 bominum,
371 3601 405 3654 et
427 3601 466 3652 ut
487 3585 604 3652 fierent
618 3585 730 3676 ψυχιιι
751 3590 786 3652 in
808 3614 888 3674 τιπῳ
905 3587 961 3651 ἱ110
984 3613 1067 3654 noto
1087 3584 1235 3662 modum,

241 3789 273 3850 7.
297 3792 357 3853 oris
380 3803 411 3852 et
432 3791 536 3871 (atque
562 3791 651 3852 etiam
672 3791 719 3867 P.)
769 3793 817 3852 10.
841 3813 944 3854 eorum
966 3791 1045 3870 (velt
1069 3810 1167 3850 earum
1189 3788 1236 3862 Ρ.)

161 3885 212 3948 14.
235 3880 347 3966 ψυχην
369 3883 498 3969 (ψυχας
515 3891 561 3966 Ρ.)
604 3891 654 3951 19.
676 3891 833 3952 abstulisse
856 3913 923 3952 eum
946 3891 1022 3968 (vel:
1044 3888 1237 3947 abstulissent

162 4009 187 4047 s.
209 3985 396 4046 abstulerunt
418 3987 455 4048 cs.
477 4002 549 4050 nota
569 3991 665 4051 textui
687 3993 716 4050 b.
732 3991 752 4050 l.
776 3990 919 4051 subiecta.
960 3989 1002 4047 At
1029 3987 1054 4046 si
1076 3985 1237 4044 lectionem

164 4085 286 4146 Codicis
302 4097 436 4147 tuemur:
458 4089 629 4150 abstulisset
643 4113 684 4151 sc.
700 4089 909 4151 Melchisedek.
926 4086 964 4148 ci.
980 4086 1078 4163 l.1sq.
1092 4085 1142 4161 Ρ.)
1184 4081 1235 4143 20.

162 4185 350 4247 dimitterent
371 4185 448 4267 (vel:
471 4189 657 4272 deponerent
677 4189 724 4267 P.)
766 4187 818 4249 21.
841 4188 952 4249 Purum
975 4184 1074 4246 lumen
1096 4183 1158 4262 (vel
1180 4204 1236 4265 po-

161 4288 240 4348 tius:
263 4287 489 4366 Melchisedeci,
513 4290 683 4376 purgatoris
707 4287 827 4349 luminis
848 4288 899 4365 Ρ.)
950 4285 1002 4346 2³.
1024 4276 1136 4365 ψυχην
1156 4275 1237 4366 (sbo-

162 4411 227 4466 χαι
252 4389 303 4468 Ρ.)
365 4387 418 4450 26.
447 4389 569 4452 illorum
595 4389 799 4454 conversionis
833 4385 1053 4468 (conversionis
1081 4387 1145 4450 eius
1173 4383 1237 4448 teil.
