3254 5340
628 466 694 534 169

120 650 155 715 in
176 659 348 724 massar.
394 643 430 712 Si
452 641 543 712 haud
566 643 729 713 audiverit
750 646 846 725 alios,
874 662 946 714 esto
970 670 1081 714 coram
1102 647 1197 718 vobis

120 767 157 832 ris
176 763 358 846 repedatur
381 774 415 826 ct
436 763 474 831 ὡς
497 759 678 838 resideam,
709 775 741 826 et
769 762 860 849 quod
889 777 939 828 est
965 764 1043 828 hoc:
1074 767 1101 829 si
1129 787 1198 830 non
1226 757 1258 818 ³<

119 877 207 941 utilis
235 876 335 940 suerit
362 877 397 938 in
423 877 530 958 primo
558 901 726 961 μυστηριῳ,
757 876 800 940 da
828 879 858 940 ei
885 877 1078 954 secundum;
1110 891 1143 942 et
1170 881 1197 942 si

120 989 209 1054 haud
233 989 333 1054 suerit
355 988 444 1053 utilis
467 991 502 1052 in
524 987 677 1065 secundo,
701 988 744 1053 da
767 993 796 1053 ei
818 993 881 1054 tria
899 993 990 1054 iuxta
1009 993 1198 1058 seinvicem

83 1127 96 1166 s
124 1103 266 1178 collecta,
291 1124 375 1189 quae
398 1105 471 1188 ipsa
494 1115 571 1166 sunt
592 1116 753 1180 ικκλησιας
778 1115 811 1167 et
833 1106 859 1167 si
881 1103 971 1168 haud
994 1104 1093 1169 suerit
1110 1105 1197 1170 utilis

121 1215 321 1282 insecundo
343 1241 512 1301 μυστηριῳ,
548 1229 618 1279 esto
643 1236 753 1280 coram
782 1216 875 1281 vobis
902 1221 941 1287 ὡς
965 1219 1135 1284 cassiodor
1164 1231 1199 1282 et

122 1333 159 1401 eis
180 1331 378 1411 παραβατηςς
409 1342 443 1394 et
464 1328 617 1406 verbum,
646 1329 736 1416 quod
758 1329 824 1394 dixi
846 1329 940 1396 vobis
964 1331 1056 1406 olim,
1078 1344 1118 1395 ut
1138 1353 1198 1418 per

123 1457 222 1509 testes
247 1442 329 1508 duos
356 1465 460 1529 usque
491 1443 534 1508 ad
561 1456 628 1507 tres
657 1457 756 1508 testes
786 1442 925 1508 verbum
954 1445 1093 1532 quodvis
1124 1457 1198 1522 stet,

126 1555 215 1644 quod
239 1570 288 1622 est
307 1557 383 1622 hoc:
406 1559 471 1622 tria
491 1583 644 1640 μυστηρισ.
666 1556 721 1620 illa
743 1556 1003 1622 testificabuntur
1019 1558 1059 1622 de
1081 1559 1199 1623 ultima

74 1691 100 1732 re
125 1674 193 1737 eius
215 1696 368 1753 μετωνοια,
391 1684 426 1735 et
446 1675 528 1752 ἀμην
551 1670 623 1734 dico
647 1669 756 1734 vobis:
780 1673 806 1734 si
829 1669 928 1736 homo
949 1671 1003 1735 ille
1021 1697 1197 1762 μετανιητῃ,
1234 1673 1310 1747 269

122 1786 250 1850 nullum
271 1811 434 1869 μυστηριον
456 1787 594 1849 remittit
622 1787 651 1848 ei
682 1805 741 1849 sua
769 1797 916 1868 peccata,
951 1785 1016 1849 ουδ’
1037 1788 1200 1872 accipiunt

6 1971 7 1980 χ
123 1921 217 1966 suam
238 1925 397 1984 μετανοιαν
421 1897 462 1962 ab
486 1920 541 1975 eo,
566 1898 630 1964 oud'
647 1897 779 1962 auditur
802 1901 935 1962 omnino
959 1897 1001 1961 ab
1024 1898 1092 1963 ullo
1114 1925 1199 1983 μυσ-

6 2067 8 2096 ;
121 2039 219 2101 τημῳ,
241 2039 337 2093 esaan
362 2037 381 2078 a
404 2016 511 2101 primo
534 2038 688 2097 μυστηριῳ
710 2014 808 2099 primi
829 2038 1000 2094 μυστηριου,
1027 2027 1060 2077 et
1081 2039 1198 2095 μυστη-
1227 2035 1256 2096 r<

6 2177 9 2214 ζ
124 2154 176 2213 paq)
197 2127 384 2191 Ineffabilis.
427 2127 469 2190 Hi
493 2127 553 2190 soli
577 2129 734 2210 accipient
760 2152 918 2210 μετανοιιν
945 2126 1085 2192 hominis
1112 2128 1198 2192 illius

6 2303 8 2330 Ι
75 2270 101 2311 rs
128 2240 250 2315 abeo,
281 2253 314 2304 et
341 2243 507 2305 remittent
536 2242 604 2306 eius
634 2253 783 2327 peccata,
812 2253 986 2327 propterea
1017 2241 1106 2328 quod
1137 2268 1197 2328 γαρ

6 2409 9 2428 ,
125 2353 346 2420 misericordia
361 2355 417 2441 (et)
440 2357 531 2418 mitia
554 2367 631 2418 suut
651 2380 800 2436 μυστηρια
815 2354 879 2430 illa,
901 2358 1091 2421 remissores
1109 2359 1198 2420 omni

6 2552 10 2559 .
123 2483 282 2558 tempore.
327 2469 417 2534 Haec
439 2471 537 2556 igitur
560 2491 664 2554 quum
686 2467 818 2533 dixisset
845 2494 952 2546 σωτηρ,
980 2491 1116 2556 pergens
1140 2469 1198 2534 ad·

6 2669 8 2678 y
122 2583 187 2648 huc
209 2583 369 2648 lohannes
394 2582 475 2647 dixit
497 2605 615 2664 σωτηριι
642 2585 687 2645 mi
711 2581 851 2658 domine,
875 2585 901 2646 si
923 2582 1025 2647 irater
1048 2595 1200 2669 peccator

126 2700 287 2762 maximus
312 2694 448 2786 αποταξῃ
468 2723 574 2782 κοσμῳ
597 2699 659 2762 toti
689 2710 722 2761 et
748 2703 809 2788 ύλῃ
839 2701 941 2773 omni,
972 2721 1056 2783 quae
1083 2701 1119 2762 in
1149 2720 1199 2774 eo,

7 2875 8 2878 ,
73 2839 101 2880 ι
129 2824 162 2876 et
185 2814 250 2876 suis
272 2814 412 2897 peccatis
436 2810 587 2874 omnibus
611 2823 644 2874 et
667 2812 733 2872 suis
756 2813 841 2873 curis
870 2811 1036 2886 omnibus,
1066 2825 1100 2876 et
1122 2811 1201 2878 doat-

7 2901 8 2906 Ὶ
124 2952 268 3012 aaran
291 2947 375 3000 eum,
397 2937 436 2988 ut
458 2927 607 3000 sciamus,
632 2945 708 2986 eum
731 2945 797 2986 non
821 2944 890 2986 esse
913 2926 947 2984 in
970 2922 1046 2987 doio
1071 2936 1104 2987 et
1125 2929 1200 2990 ὐπο-

7 3011 8 3018 1
124 3067 233 3126 epiro,
263 3052 353 3104 ιλλα
380 3038 463 3106 velle
492 3061 568 3103 eum
597 3059 666 3101 esse
696 3039 730 3101 in
758 3038 897 3100 veritate
928 3048 961 3100 et
990 3037 1132 3122 sandeta,
1162 3050 1201 3101 ut

125 3158 265 3222 sciamus
294 3175 371 3219 eum
399 3175 468 3217 esse
498 3150 633 3239 dignum
661 3175 830 3234 μυστηριοις
859 3149 991 3214 secundi
1020 3175 1202 3231 χωρηματος

126 3284 185 3333 aut
206 3271 303 3343 tertii,
325 3271 418 3332 visne
441 3264 545 3354 ἀπωξ,
574 3288 636 3330 nos
660 3263 738 3330 dare
764 3268 794 3329 ei
823 3286 841 3329 e
869 3262 1010 3329 secundo
1038 3291 1202 3346 χωρημιτι

72 3409 99 3450 aa
128 3396 228 3468 atque
252 3385 348 3446 etiam
372 3384 485 3457 tertio,
509 3393 686 3467 antequam
709 3383 869 3466 acceperit
889 3406 1044 3461 μυστηριον
1068 3382 1200 3443 omnino

126 3511 323 3579 κληρονομιας
345 3495 486 3571 luminis,
509 3497 610 3570 visne,
634 3492 711 3559 dare
734 3516 794 3558 noa
819 3497 857 3571 ei,
879 3516 939 3560 neo
955 3495 1015 3560 nc?
1053 3493 1202 3583 Respon-

126 3611 207 3677 dens
230 3609 262 3677 ds
281 3637 375 3692 consp
399 3608 480 3673 dixit
501 3607 637 3674 Iohanni
659 3613 693 3674 in
716 3608 830 3675 mediis
851 3609 1014 3690 μαθηταιςε
1039 3613 1065 3676 si
1082 3633 1202 3698 cogno·

123 3729 238 3792 veritis
262 3725 442 3812 diligenter,
464 3723 630 3790 hominem
653 3724 746 3789 illum
768 3723 981 3814 aeccclesiae
1000 3751 1107 3810 κοσμῳ
1130 3728 1202 3801 toti,
1240 3717 1316 3794 270

129 3841 264 3925 eiusque
287 3841 372 3904 curis
396 3838 557 3914 omnibus,
581 3843 714 3927 eiusque
730 3843 862 3926 ὁμιλιαις
884 3839 1045 3914 omnibus,
1069 3839 1203 3922 eiusque

214 4012 242 4072 6.
271 4012 301 4073 in
323 4015 451 4075 secundo
473 4017 518 4092 (in
546 4015 638 4075 tertio
666 4014 714 4090 Ρ.)
784 4010 834 4071 11.
863 4011 902 4068 Hi
931 4010 989 4069 soli
1017 4009 1112 4085 (Haec
1140 4004 1204 4067 sola

127 4113 178 4190 P.)
220 4113 270 4174 19.
293 4111 425 4198 απσταξῃ
447 4113 642 4198 (carrugatas
664 4113 712 4190 P.)
753 4111 805 4172 20.
827 4109 976 4183 omnibus,
994 4119 1025 4168 et
1040 4106 1203 4184 (omnibus,

125 4225 216 4296 atque
239 4214 326 4275 etiam
348 4215 396 4294 P.)
458 4215 508 4276 st.
531 4237 547 4276 e
569 4215 699 4277 secundo
721 4234 871 4297 χωρηματι
891 4221 980 4290 atque
1002 4207 1089 4269 etiam
1111 4207 1204 4270 tertio

125 4317 159 4396 (e
179 4339 340 4403 μυστηριοις
360 4317 484 4378 secundi
498 4339 670 4404 χωρηματος
682 4325 735 4377 aut
748 4313 837 4375 etiam
856 4311 940 4373 tertii
960 4310 1008 4391 Ρ.)
1062 4308 1114 4372 26.
1134 4319 1205 4383 κλη-

124 4439 254 4502 pavemus
274 4417 473 4503 (κληρονομιων
493 4417 545 4497 Ρ.)
