<?xml version="1.0" encoding="UTF-8"?>
<!DOCTYPE html PUBLIC "-//W3C//DTD XHTML 1.0 Transitional//EN"
    "http://www.w3.org/TR/xhtml1/DTD/xhtml1-transitional.dtd">
<html xmlns="http://www.w3.org/1999/xhtml" xml:lang="en" lang="en">
 <head>
  <title>
</title>
<meta http-equiv="Content-Type" content="text/html;charset=utf-8" />
  <meta name='ocr-system' content='tesseract 3.04.00' />
  <meta name='ocr-capabilities' content='ocr_page ocr_carea ocr_par ocr_line ocrx_word'/>
</head>
<body>
  <div class='ocr_page' id='page_1' title='image "./pistissophiaopu00petegoog_0476.png"; bbox 0 0 3296 5354; ppageno 0'>
   <div class='ocr_carea' id='block_1_1' title="bbox 682 461 727 532">
    <p class='ocr_par' dir='ltr' id='par_1_1' title="bbox 682 461 727 532">
     <span class='ocr_line' id='line_1_1' title="bbox 682 461 727 532; baseline 0 0"><span class='ocrx_word' id='word_1_1' title='bbox 682 461 727 532; x_wconf 77' lang='lat'><strong>45</strong></span> 
     </span>
    </p>
   </div>
   <div class='ocr_carea' id='block_1_2' title="bbox 121 641 1242 1304">
    <p class='ocr_par' dir='ltr' id='par_1_2' title="bbox 121 641 1242 1304">
     <span class='ocr_line' id='line_1_2' title="bbox 163 641 1241 734; baseline -0.003 -18"><span class='ocrx_word' id='word_1_2' title='bbox 163 661 238 716; x_wconf 86' lang='lat' dir='ltr'><strong>sata</strong></span> <span class='ocrx_word' id='word_1_3' title='bbox 267 648 299 734; x_wconf 85' lang='lat' dir='ltr'><strong>(i.</strong></span> <span class='ocrx_word' id='word_1_4' title='bbox 313 667 340 712; x_wconf 88' lang='lat' dir='ltr'><strong>e.</strong></span> <span class='ocrx_word' id='word_1_5' title='bbox 364 641 576 731; x_wconf 79' lang='lat' dir='ltr'><strong>exaruerum)</strong></span> <span class='ocrx_word' id='word_1_6' title='bbox 605 657 683 710; x_wconf 91' lang='lat' dir='ltr'><strong>sunt</strong></span> <span class='ocrx_word' id='word_1_7' title='bbox 713 645 798 710; x_wconf 88' lang='lat' dir='ltr'><strong>sicut</strong></span> <span class='ocrx_word' id='word_1_8' title='bbox 822 643 915 733; x_wconf 86' lang='lat' dir='ltr'><strong>lapis.</strong></span> <span class='ocrx_word' id='word_1_9' title='bbox 967 641 1071 712; x_wconf 83' lang='lat' dir='ltr'><strong>Caesa</strong></span> <span class='ocrx_word' id='word_1_10' title='bbox 1098 667 1172 714; x_wconf 88' lang='lat' dir='ltr'><strong>sum</strong></span> <span class='ocrx_word' id='word_1_11' title='bbox 1199 649 1241 714; x_wconf 89' lang='lat' dir='ltr'><strong>si·</strong></span> 
     </span>
     <span class='ocr_line' id='line_1_3' title="bbox 164 758 1242 848; baseline 0 -20"><span class='ocrx_word' id='word_1_12' title='bbox 164 776 222 828; x_wconf 91' lang='lat' dir='ltr'><strong>cut</strong></span> <span class='ocrx_word' id='word_1_13' title='bbox 243 786 363 848; x_wconf 78' lang='grc' dir='ltr'>χιρτος,</span> <span class='ocrx_word' id='word_1_14' title='bbox 388 773 421 826; x_wconf 84' lang='lat' dir='ltr'><strong>ct</strong></span> <span class='ocrx_word' id='word_1_15' title='bbox 444 781 501 824; x_wconf 94' lang='lat' dir='ltr'><strong>cor</strong></span> <span class='ocrx_word' id='word_1_16' title='bbox 522 780 635 824; x_wconf 90' lang='lat' dir='ltr'><strong>meum</strong></span> <span class='ocrx_word' id='word_1_17' title='bbox 658 762 800 836; x_wconf 79' lang='lat' dir='ltr'><strong>exaruit,</strong></span> <span class='ocrx_word' id='word_1_18' title='bbox 821 781 900 824; x_wconf 86' lang='lat' dir='ltr'><strong>nam</strong></span> <span class='ocrx_word' id='word_1_19' title='bbox 916 758 1036 825; x_wconf 89' lang='lat' dir='ltr'><strong>oblitus</strong></span> <span class='ocrx_word' id='word_1_20' title='bbox 1057 783 1130 826; x_wconf 92' lang='lat' dir='ltr'><strong>sum</strong></span> <span class='ocrx_word' id='word_1_21' title='bbox 1145 761 1242 828; x_wconf 85' lang='lat' dir='ltr'><strong>edere</strong></span> 
     </span>
     <span class='ocr_line' id='line_1_4' title="bbox 163 875 1242 964; baseline -0.001 -22"><span class='ocrx_word' id='word_1_22' title='bbox 163 899 277 943; x_wconf 90' lang='lat' dir='ltr'><strong>meum</strong></span> <span class='ocrx_word' id='word_1_23' title='bbox 299 896 436 964; x_wconf 80' lang='lat' dir='ltr'><strong>panem3</strong></span> <span class='ocrx_word' id='word_1_24' title='bbox 458 895 539 961; x_wconf 87' lang='lat' dir='ltr'><strong>prae</strong></span> <span class='ocrx_word' id='word_1_25' title='bbox 562 894 643 938; x_wconf 91' lang='lat' dir='ltr'><strong>sono</strong></span> <span class='ocrx_word' id='word_1_26' title='bbox 666 875 732 938; x_wconf 88' lang='lat' dir='ltr'><strong>mci</strong></span> <span class='ocrx_word' id='word_1_27' title='bbox 754 877 892 959; x_wconf 86' lang='lat' dir='ltr'><strong>gemitus</strong></span> <span class='ocrx_word' id='word_1_28' title='bbox 915 897 1027 938; x_wconf 85' lang='lat' dir='ltr'><strong>meum</strong></span> <span class='ocrx_word' id='word_1_29' title='bbox 1049 895 1085 939; x_wconf 92' lang='lat' dir='ltr'><strong>os</strong></span> <span class='ocrx_word' id='word_1_30' title='bbox 1105 875 1242 942; x_wconf 86' lang='lat' dir='ltr'><strong>affixum</strong></span> 
     </span>
     <span class='ocr_line' id='line_1_5' title="bbox 165 987 1240 1076; baseline -0.002 -20"><span class='ocrx_word' id='word_1_31' title='bbox 165 1004 217 1056; x_wconf 89' lang='lat' dir='ltr'><strong>est</strong></span> <span class='ocrx_word' id='word_1_32' title='bbox 237 1011 330 1056; x_wconf 86' lang='lat' dir='ltr'><strong>meae</strong></span> <span class='ocrx_word' id='word_1_33' title='bbox 353 1014 451 1076; x_wconf 71' lang='lat' dir='ltr'><strong>ceper.</strong></span> <span class='ocrx_word' id='word_1_34' title='bbox 496 987 580 1051; x_wconf 91' lang='lat' dir='ltr'><strong>Sum</strong></span> <span class='ocrx_word' id='word_1_35' title='bbox 602 990 686 1051; x_wconf 91' lang='lat' dir='ltr'><strong>sicut</strong></span> <span class='ocrx_word' id='word_1_36' title='bbox 711 987 876 1075; x_wconf 84' lang='lat' dir='ltr'><strong>pelicanus</strong></span> <span class='ocrx_word' id='word_1_37' title='bbox 903 991 939 1052; x_wconf 90' lang='lat' dir='ltr'><strong>in</strong></span> <span class='ocrx_word' id='word_1_38' title='bbox 962 988 1106 1066; x_wconf 89' lang='lat' dir='ltr'><strong>deserto,</strong></span> <span class='ocrx_word' id='word_1_39' title='bbox 1134 989 1240 1054; x_wconf 85' lang='lat' dir='ltr'><strong>factus</strong></span> 
     </span>
     <span class='ocr_line' id='line_1_6' title="bbox 121 1097 1240 1190; baseline -0.002 -20"><span class='ocrx_word' id='word_1_40' title='bbox 121 1132 137 1170; x_wconf 85' lang='grc' dir='ltr'>ι</span> <span class='ocrx_word' id='word_1_41' title='bbox 167 1127 240 1170; x_wconf 88' lang='lat' dir='ltr'><strong>sum</strong></span> <span class='ocrx_word' id='word_1_42' title='bbox 265 1107 348 1169; x_wconf 89' lang='lat' dir='ltr'><strong>sicut</strong></span> <span class='ocrx_word' id='word_1_43' title='bbox 372 1097 543 1190; x_wconf 74' lang='grc' dir='ltr'>νυκτικιριιξ</span> <span class='ocrx_word' id='word_1_44' title='bbox 565 1104 600 1164; x_wconf 92' lang='lat' dir='ltr'><strong>in</strong></span> <span class='ocrx_word' id='word_1_45' title='bbox 628 1100 743 1178; x_wconf 93' lang='lat' dir='ltr'><strong>domo,</strong></span> <span class='ocrx_word' id='word_1_46' title='bbox 775 1124 848 1165; x_wconf 92' lang='lat' dir='ltr'><strong>sum</strong></span> <span class='ocrx_word' id='word_1_47' title='bbox 877 1104 962 1166; x_wconf 87' lang='lat' dir='ltr'><strong>sicut</strong></span> <span class='ocrx_word' id='word_1_48' title='bbox 988 1103 1099 1188; x_wconf 89' lang='lat' dir='ltr'><strong>vigilia</strong></span> <span class='ocrx_word' id='word_1_49' title='bbox 1126 1107 1240 1180; x_wconf 89' lang='lat' dir='ltr'><strong>noctis,</strong></span> 
     </span>
     <span class='ocr_line' id='line_1_7' title="bbox 166 1215 1242 1304; baseline -0.002 -20"><span class='ocrx_word' id='word_1_50' title='bbox 166 1242 240 1284; x_wconf 87' lang='lat' dir='ltr'><strong>sum</strong></span> <span class='ocrx_word' id='word_1_51' title='bbox 262 1221 347 1282; x_wconf 89' lang='lat' dir='ltr'><strong>sicut</strong></span> <span class='ocrx_word' id='word_1_52' title='bbox 368 1237 483 1304; x_wconf 88' lang='lat' dir='ltr'><strong>passer</strong></span> <span class='ocrx_word' id='word_1_53' title='bbox 511 1218 546 1279; x_wconf 90' lang='lat' dir='ltr'><strong>in</strong></span> <span class='ocrx_word' id='word_1_54' title='bbox 573 1228 661 1280; x_wconf 88' lang='lat' dir='ltr'><strong>tecto</strong></span> <span class='ocrx_word' id='word_1_55' title='bbox 692 1215 790 1279; x_wconf 92' lang='lat' dir='ltr'><strong>solus.</strong></span> <span class='ocrx_word' id='word_1_56' title='bbox 838 1215 962 1279; x_wconf 80' lang='lat' dir='ltr'><strong>Inimici</strong></span> <span class='ocrx_word' id='word_1_57' title='bbox 988 1239 1043 1280; x_wconf 90' lang='lat' dir='ltr'><strong>mc</strong></span> <span class='ocrx_word' id='word_1_58' title='bbox 1070 1219 1242 1282; x_wconf 90' lang='lat' dir='ltr'><strong>irriserunt</strong></span> 
     </span>
    </p>
   </div>
   <div class='ocr_carea' id='block_1_3' title="bbox 109 1329 1338 4256">
    <p class='ocr_par' dir='ltr' id='par_1_3' title="bbox 109 1329 1338 4256">
     <span class='ocr_line' id='line_1_8' title="bbox 164 1329 1239 1419; baseline 0 -22"><span class='ocrx_word' id='word_1_59' title='bbox 164 1333 244 1398; x_wconf 91' lang='lat' dir='ltr'><strong>mibi</strong></span> <span class='ocrx_word' id='word_1_60' title='bbox 266 1345 376 1396; x_wconf 91' lang='lat' dir='ltr'><strong>totum</strong></span> <span class='ocrx_word' id='word_1_61' title='bbox 404 1331 506 1406; x_wconf 89' lang='lat' dir='ltr'><strong>diem,</strong></span> <span class='ocrx_word' id='word_1_62' title='bbox 539 1342 572 1394; x_wconf 90' lang='lat' dir='ltr'><strong>et</strong></span> <span class='ocrx_word' id='word_1_63' title='bbox 600 1329 799 1394; x_wconf 83' lang='lat' dir='ltr'><strong>honorantes</strong></span> <span class='ocrx_word' id='word_1_64' title='bbox 827 1351 881 1394; x_wconf 89' lang='lat' dir='ltr'><strong>mc</strong></span> <span class='ocrx_word' id='word_1_65' title='bbox 907 1329 1063 1395; x_wconf 87' lang='lat' dir='ltr'><strong>iurabant</strong></span> <span class='ocrx_word' id='word_1_66' title='bbox 1088 1353 1150 1419; x_wconf 86' lang='lat' dir='ltr'><strong>per</strong></span> <span class='ocrx_word' id='word_1_67' title='bbox 1176 1355 1239 1410; x_wconf 91' lang='lat' dir='ltr'><strong>me,</strong></span> 
     </span>
     <span class='ocr_line' id='line_1_9' title="bbox 167 1443 1241 1532; baseline 0 -22"><span class='ocrx_word' id='word_1_68' title='bbox 167 1444 259 1532; x_wconf 89' lang='lat' dir='ltr'><strong>quod</strong></span> <span class='ocrx_word' id='word_1_69' title='bbox 281 1443 407 1510; x_wconf 91' lang='lat' dir='ltr'><strong>comedi</strong></span> <span class='ocrx_word' id='word_1_70' title='bbox 430 1447 571 1508; x_wconf 88' lang='lat' dir='ltr'><strong>cinerem</strong></span> <span class='ocrx_word' id='word_1_71' title='bbox 593 1445 627 1506; x_wconf 91' lang='lat' dir='ltr'><strong>in</strong></span> <span class='ocrx_word' id='word_1_72' title='bbox 649 1443 722 1508; x_wconf 92' lang='lat' dir='ltr'><strong>loco</strong></span> <span class='ocrx_word' id='word_1_73' title='bbox 745 1445 838 1531; x_wconf 86' lang='lat' dir='ltr'><strong>panis</strong></span> <span class='ocrx_word' id='word_1_74' title='bbox 866 1446 947 1522; x_wconf 90' lang='lat' dir='ltr'><strong>mei;</strong></span> <span class='ocrx_word' id='word_1_75' title='bbox 978 1471 1120 1531; x_wconf 75' lang='grc' dir='ltr'>εκεριισιι,</span> <span class='ocrx_word' id='word_1_76' title='bbox 1150 1445 1241 1532; x_wconf 91' lang='lat' dir='ltr'><strong>quod</strong></span> 
     </span>
     <span class='ocr_line' id='line_1_10' title="bbox 166 1557 1240 1648; baseline 0 -26"><span class='ocrx_word' id='word_1_77' title='bbox 166 1558 330 1623; x_wconf 79' lang='lat' dir='ltr'><strong>bibiturus</strong></span> <span class='ocrx_word' id='word_1_78' title='bbox 353 1581 435 1635; x_wconf 91' lang='lat' dir='ltr'><strong>sum,</strong></span> <span class='ocrx_word' id='word_1_79' title='bbox 458 1558 598 1622; x_wconf 87' lang='lat' dir='ltr'><strong>lacrimis</strong></span> <span class='ocrx_word' id='word_1_80' title='bbox 630 1577 743 1623; x_wconf 89' lang='lat' dir='ltr'><strong>coram</strong></span> <span class='ocrx_word' id='word_1_81' title='bbox 756 1570 815 1621; x_wconf 84' lang='lat' dir='ltr'><strong>tua</strong></span> <span class='ocrx_word' id='word_1_82' title='bbox 837 1583 906 1648; x_wconf 65' lang='grc' dir='ltr'>ιργῃ</span> <span class='ocrx_word' id='word_1_83' title='bbox 931 1571 963 1622; x_wconf 90' lang='lat' dir='ltr'><strong>et</strong></span> <span class='ocrx_word' id='word_1_84' title='bbox 977 1571 1036 1622; x_wconf 87' lang='lat' dir='ltr'><strong>tua</strong></span> <span class='ocrx_word' id='word_1_85' title='bbox 1055 1561 1118 1636; x_wconf 91' lang='lat' dir='ltr'><strong>ira,</strong></span> <span class='ocrx_word' id='word_1_86' title='bbox 1149 1557 1240 1646; x_wconf 90' lang='lat' dir='ltr'><strong>quod</strong></span> 
     </span>
     <span class='ocr_line' id='line_1_11' title="bbox 110 1669 1241 1740; baseline -0.004 0"><span class='ocrx_word' id='word_1_87' title='bbox 110 1700 139 1740; x_wconf 84' lang='lat' dir='ltr'><strong>ro</strong></span> <span class='ocrx_word' id='word_1_88' title='bbox 166 1673 284 1738; x_wconf 88' lang='lat' dir='ltr'><strong>tollens</strong></span> <span class='ocrx_word' id='word_1_89' title='bbox 313 1695 367 1738; x_wconf 89' lang='lat' dir='ltr'><strong>me</strong></span> <span class='ocrx_word' id='word_1_90' title='bbox 396 1675 540 1738; x_wconf 87' lang='lat' dir='ltr'><strong>evertisti</strong></span> <span class='ocrx_word' id='word_1_91' title='bbox 567 1693 630 1736; x_wconf 92' lang='lat' dir='ltr'><strong>mc.</strong></span> <span class='ocrx_word' id='word_1_92' title='bbox 684 1671 747 1735; x_wconf 90' lang='lat' dir='ltr'><strong>Mei</strong></span> <span class='ocrx_word' id='word_1_93' title='bbox 777 1669 846 1735; x_wconf 87' lang='lat' dir='ltr'><strong>dics</strong></span> <span class='ocrx_word' id='word_1_94' title='bbox 875 1671 1018 1735; x_wconf 90' lang='lat' dir='ltr'><strong>inclinati</strong></span> <span class='ocrx_word' id='word_1_95' title='bbox 1051 1685 1127 1736; x_wconf 87' lang='lat' dir='ltr'><strong>sunt</strong></span> <span class='ocrx_word' id='word_1_96' title='bbox 1157 1675 1241 1736; x_wconf 88' lang='lat' dir='ltr'><strong>sicut</strong></span> 
     </span>
     <span class='ocr_line' id='line_1_12' title="bbox 163 1783 1240 1874; baseline -0.002 -22"><span class='ocrx_word' id='word_1_97' title='bbox 163 1786 298 1864; x_wconf 89' lang='lat' dir='ltr'><strong>umbra,</strong></span> <span class='ocrx_word' id='word_1_98' title='bbox 321 1801 420 1874; x_wconf 89' lang='lat' dir='ltr'><strong>atque</strong></span> <span class='ocrx_word' id='word_1_99' title='bbox 443 1789 556 1852; x_wconf 81' lang='lat' dir='ltr'><strong>exarui</strong></span> <span class='ocrx_word' id='word_1_100' title='bbox 572 1789 656 1850; x_wconf 89' lang='lat' dir='ltr'><strong>sicut</strong></span> <span class='ocrx_word' id='word_1_101' title='bbox 669 1808 791 1870; x_wconf 79' lang='grc' dir='ltr'>χιρτος;</span> <span class='ocrx_word' id='word_1_102' title='bbox 814 1798 853 1850; x_wconf 92' lang='lat' dir='ltr'><strong>tu</strong></span> <span class='ocrx_word' id='word_1_103' title='bbox 868 1783 899 1851; x_wconf 78' lang='lat' dir='ltr'><strong>lc</strong></span> <span class='ocrx_word' id='word_1_104' title='bbox 916 1785 1066 1850; x_wconf 91' lang='lat' dir='ltr'><strong>dominus</strong></span> <span class='ocrx_word' id='word_1_105' title='bbox 1086 1807 1118 1850; x_wconf 90' lang='lat' dir='ltr'><strong>es</strong></span> <span class='ocrx_word' id='word_1_106' title='bbox 1135 1809 1240 1872; x_wconf 89' lang='lat' dir='ltr'><strong>usque</strong></span> 
     </span>
     <span class='ocr_line' id='line_1_13' title="bbox 165 1898 1239 1986; baseline -0.002 -20"><span class='ocrx_word' id='word_1_107' title='bbox 165 1900 207 1966; x_wconf 83' lang='lat' dir='ltr'><strong>ad</strong></span> <span class='ocrx_word' id='word_1_108' title='bbox 230 1900 339 1978; x_wconf 85' lang='lat' dir='ltr'><strong>finem,</strong></span> <span class='ocrx_word' id='word_1_109' title='bbox 363 1916 397 1966; x_wconf 89' lang='lat' dir='ltr'><strong>ct</strong></span> <span class='ocrx_word' id='word_1_110' title='bbox 419 1915 478 1965; x_wconf 87' lang='lat' dir='ltr'><strong>tua</strong></span> <span class='ocrx_word' id='word_1_111' title='bbox 491 1899 676 1966; x_wconf 87' lang='lat' dir='ltr'><strong>recordatio</strong></span> <span class='ocrx_word' id='word_1_112' title='bbox 691 1921 796 1986; x_wconf 88' lang='lat' dir='ltr'><strong>usquc</strong></span> <span class='ocrx_word' id='word_1_113' title='bbox 813 1898 855 1964; x_wconf 85' lang='lat' dir='ltr'><strong>ad</strong></span> <span class='ocrx_word' id='word_1_114' title='bbox 871 1920 990 1964; x_wconf 85' lang='lat' dir='ltr'><strong>aevum</strong></span> <span class='ocrx_word' id='word_1_115' title='bbox 1006 1901 1086 1964; x_wconf 85' lang='lat' dir='ltr'><strong>aevi.</strong></span> <span class='ocrx_word' id='word_1_116' title='bbox 1125 1900 1239 1986; x_wconf 82' lang='lat' dir='ltr'><strong>Surge,</strong></span> 
     </span>
     <span class='ocr_line' id='line_1_14' title="bbox 164 2013 1238 2103; baseline -0.001 -23"><span class='ocrx_word' id='word_1_117' title='bbox 164 2019 348 2080; x_wconf 84' lang='lat' dir='ltr'><strong>miserearis</strong></span> <span class='ocrx_word' id='word_1_118' title='bbox 364 2015 481 2090; x_wconf 90' lang='lat' dir='ltr'><strong>Sionis,</strong></span> <span class='ocrx_word' id='word_1_119' title='bbox 506 2013 596 2100; x_wconf 90' lang='lat' dir='ltr'><strong>quod</strong></span> <span class='ocrx_word' id='word_1_120' title='bbox 618 2027 750 2101; x_wconf 88' lang='lat' dir='ltr'><strong>tempus</strong></span> <span class='ocrx_word' id='word_1_121' title='bbox 774 2013 899 2078; x_wconf 88' lang='lat' dir='ltr'><strong>sactum</strong></span> <span class='ocrx_word' id='word_1_122' title='bbox 922 2027 972 2103; x_wconf 85' lang='lat' dir='ltr'><strong>est</strong></span> <span class='ocrx_word' id='word_1_123' title='bbox 991 2016 1137 2078; x_wconf 89' lang='lat' dir='ltr'><strong>misereri</strong></span> <span class='ocrx_word' id='word_1_124' title='bbox 1153 2019 1238 2093; x_wconf 82' lang='lat' dir='ltr'><strong>eius3</strong></span> 
     </span>
     <span class='ocr_line' id='line_1_15' title="bbox 168 2127 1240 2216; baseline 0 -22"><span class='ocrx_word' id='word_1_125' title='bbox 168 2128 258 2215; x_wconf 89' lang='lat' dir='ltr'><strong>quod</strong></span> <span class='ocrx_word' id='word_1_126' title='bbox 279 2154 376 2213; x_wconf 67' lang='grc' dir='ltr'>καιρις</span> <span class='ocrx_word' id='word_1_127' title='bbox 396 2133 500 2206; x_wconf 80' lang='lat' dir='ltr'><strong>venit3</strong></span> <span class='ocrx_word' id='word_1_128' title='bbox 534 2132 584 2193; x_wconf 89' lang='lat' dir='ltr'><strong>tui</strong></span> <span class='ocrx_word' id='word_1_129' title='bbox 606 2131 746 2193; x_wconf 82' lang='lat' dir='ltr'><strong>ministri</strong></span> <span class='ocrx_word' id='word_1_130' title='bbox 768 2127 946 2192; x_wconf 85' lang='lat' dir='ltr'><strong>voluerunt</strong></span> <span class='ocrx_word' id='word_1_131' title='bbox 969 2131 1036 2192; x_wconf 89' lang='lat' dir='ltr'><strong>cius</strong></span> <span class='ocrx_word' id='word_1_132' title='bbox 1059 2128 1182 2216; x_wconf 90' lang='lat' dir='ltr'><strong>lapides</strong></span> <span class='ocrx_word' id='word_1_133' title='bbox 1206 2143 1240 2194; x_wconf 88' lang='lat' dir='ltr'><strong>ct</strong></span> 
     </span>
     <span class='ocr_line' id='line_1_16' title="bbox 111 2239 1238 2321; baseline -0.003 -12"><span class='ocrx_word' id='word_1_134' title='bbox 111 2269 140 2310; x_wconf 85' lang='grc' dir='ltr'><strong>ιι</strong></span> <span class='ocrx_word' id='word_1_135' title='bbox 166 2241 407 2308; x_wconf 88' lang='lat' dir='ltr'><strong>miserebuntur</strong></span> <span class='ocrx_word' id='word_1_136' title='bbox 430 2247 498 2308; x_wconf 90' lang='lat' dir='ltr'><strong>eius</strong></span> <span class='ocrx_word' id='word_1_137' title='bbox 521 2255 637 2320; x_wconf 87' lang='lat' dir='ltr'><strong>terrae,</strong></span> <span class='ocrx_word' id='word_1_138' title='bbox 661 2255 701 2306; x_wconf 92' lang='lat' dir='ltr'><strong>ut</strong></span> <span class='ocrx_word' id='word_1_139' title='bbox 722 2239 782 2317; x_wconf 78' lang='grc' dir='ltr'><strong>εθνη</strong></span> <span class='ocrx_word' id='word_1_140' title='bbox 806 2245 942 2307; x_wconf 83' lang='lat' dir='ltr'><strong>timeant</strong></span> <span class='ocrx_word' id='word_1_141' title='bbox 964 2264 1086 2307; x_wconf 87' lang='lat' dir='ltr'><strong>nomen</strong></span> <span class='ocrx_word' id='word_1_142' title='bbox 1106 2242 1238 2321; x_wconf 89' lang='lat' dir='ltr'><strong>domini,</strong></span> 
     </span>
     <span class='ocr_line' id='line_1_17' title="bbox 165 2355 1237 2444; baseline 0.001 -23"><span class='ocrx_word' id='word_1_143' title='bbox 165 2370 199 2422; x_wconf 89' lang='lat' dir='ltr'><strong>ct</strong></span> <span class='ocrx_word' id='word_1_144' title='bbox 220 2379 311 2444; x_wconf 86' lang='lat' dir='ltr'><strong>reges</strong></span> <span class='ocrx_word' id='word_1_145' title='bbox 338 2371 445 2423; x_wconf 86' lang='lat' dir='ltr'><strong>terrae</strong></span> <span class='ocrx_word' id='word_1_146' title='bbox 474 2355 636 2422; x_wconf 90' lang='lat' dir='ltr'><strong>timebunt</strong></span> <span class='ocrx_word' id='word_1_147' title='bbox 662 2370 756 2420; x_wconf 90' lang='lat' dir='ltr'><strong>tuam</strong></span> <span class='ocrx_word' id='word_1_148' title='bbox 783 2356 935 2443; x_wconf 84' lang='lat' dir='ltr'><strong>gloriam3</strong></span> <span class='ocrx_word' id='word_1_149' title='bbox 967 2357 1057 2442; x_wconf 90' lang='lat' dir='ltr'><strong>quod</strong></span> <span class='ocrx_word' id='word_1_150' title='bbox 1087 2357 1237 2422; x_wconf 90' lang='lat' dir='ltr'><strong>dominus</strong></span> 
     </span>
     <span class='ocr_line' id='line_1_18' title="bbox 164 2471 1237 2558; baseline 0 -22"><span class='ocrx_word' id='word_1_151' title='bbox 164 2471 346 2537; x_wconf 80' lang='lat' dir='ltr'><strong>aed1ficabit</strong></span> <span class='ocrx_word' id='word_1_152' title='bbox 368 2473 517 2548; x_wconf 88' lang='lat' dir='ltr'><strong>Sionem,</strong></span> <span class='ocrx_word' id='word_1_153' title='bbox 547 2485 586 2535; x_wconf 84' lang='lat' dir='ltr'><strong>ut</strong></span> <span class='ocrx_word' id='word_1_154' title='bbox 608 2483 766 2558; x_wconf 86' lang='lat' dir='ltr'><strong>appareat</strong></span> <span class='ocrx_word' id='word_1_155' title='bbox 791 2473 826 2534; x_wconf 92' lang='lat' dir='ltr'><strong>in</strong></span> <span class='ocrx_word' id='word_1_156' title='bbox 849 2475 917 2536; x_wconf 90' lang='lat' dir='ltr'><strong>cius</strong></span> <span class='ocrx_word' id='word_1_157' title='bbox 940 2472 1053 2558; x_wconf 90' lang='lat' dir='ltr'><strong>gloria.</strong></span> <span class='ocrx_word' id='word_1_158' title='bbox 1096 2471 1237 2536; x_wconf 84' lang='lat' dir='ltr'><strong>intuitus</strong></span> 
     </span>
     <span class='ocr_line' id='line_1_19' title="bbox 164 2586 1238 2675; baseline -0.001 -23"><span class='ocrx_word' id='word_1_159' title='bbox 164 2590 268 2652; x_wconf 85' lang='lat' dir='ltr'><strong>estin</strong></span> <span class='ocrx_word' id='word_1_160' title='bbox 289 2589 515 2675; x_wconf 89' lang='lat' dir='ltr'><strong>precationem</strong></span> <span class='ocrx_word' id='word_1_161' title='bbox 535 2586 783 2650; x_wconf 82' lang='lat' dir='ltr'><strong>bmniliatorum</strong></span> <span class='ocrx_word' id='word_1_162' title='bbox 804 2607 912 2671; x_wconf 88' lang='lat' dir='ltr'><strong>neque</strong></span> <span class='ocrx_word' id='word_1_163' title='bbox 935 2588 1108 2652; x_wconf 89' lang='lat' dir='ltr'><strong>contemsit</strong></span> <span class='ocrx_word' id='word_1_164' title='bbox 1124 2609 1238 2651; x_wconf 89' lang='lat' dir='ltr'><strong>eorum</strong></span> 
     </span>
     <span class='ocr_line' id='line_1_20' title="bbox 164 2698 1237 2788; baseline 0 -22"><span class='ocrx_word' id='word_1_165' title='bbox 164 2704 356 2766; x_wconf 86' lang='lat' dir='ltr'><strong>orationem.</strong></span> <span class='ocrx_word' id='word_1_166' title='bbox 402 2699 577 2765; x_wconf 89' lang='lat' dir='ltr'><strong>Scribunto</strong></span> <span class='ocrx_word' id='word_1_167' title='bbox 599 2698 662 2764; x_wconf 92' lang='lat' dir='ltr'><strong>hoc</strong></span> <span class='ocrx_word' id='word_1_168' title='bbox 686 2699 740 2763; x_wconf 89' lang='lat' dir='ltr'><strong>alii</strong></span> <span class='ocrx_word' id='word_1_169' title='bbox 764 2721 845 2764; x_wconf 89' lang='lat' dir='ltr'><strong>aevo</strong></span> <span class='ocrx_word' id='word_1_170' title='bbox 870 2712 902 2764; x_wconf 89' lang='lat' dir='ltr'><strong>et</strong></span> <span class='ocrx_word' id='word_1_171' title='bbox 922 2712 997 2771; x_wconf 73' lang='lat' dir='ltr'><strong>&gt;teos</strong></span> <span class='ocrx_word' id='word_1_172' title='bbox 1015 2701 1237 2788; x_wconf 78' lang='lat' dir='ltr'><strong>procreandos</strong></span> 
     </span>
     <span class='ocr_line' id='line_1_21' title="bbox 110 2812 1239 2903; baseline -0.001 -23"><span class='ocrx_word' id='word_1_173' title='bbox 110 2838 138 2880; x_wconf 78' lang='lat' dir='ltr'><strong>ao</strong></span> <span class='ocrx_word' id='word_1_174' title='bbox 164 2814 368 2903; x_wconf 83' lang='lat' dir='ltr'><strong>praedicabit</strong></span> <span class='ocrx_word' id='word_1_175' title='bbox 390 2812 575 2892; x_wconf 87' lang='lat' dir='ltr'><strong>dominum;</strong></span> <span class='ocrx_word' id='word_1_176' title='bbox 606 2836 685 2878; x_wconf 83' lang='lat' dir='ltr'><strong>nam</strong></span> <span class='ocrx_word' id='word_1_177' title='bbox 712 2815 883 2900; x_wconf 83' lang='lat' dir='ltr'><strong>conspexit</strong></span> <span class='ocrx_word' id='word_1_178' title='bbox 910 2835 950 2877; x_wconf 85' lang='lat' dir='ltr'><strong>ex</strong></span> <span class='ocrx_word' id='word_1_179' title='bbox 980 2813 1149 2879; x_wconf 84' lang='lat' dir='ltr'><strong>altitudine</strong></span> <span class='ocrx_word' id='word_1_180' title='bbox 1179 2837 1239 2879; x_wconf 90' lang='lat' dir='ltr'><strong>sua</strong></span> 
     </span>
     <span class='ocr_line' id='line_1_22' title="bbox 165 2926 1237 3016; baseline -0.002 -22"><span class='ocrx_word' id='word_1_181' title='bbox 165 2942 291 3004; x_wconf 85' lang='lat' dir='ltr'><strong>sancta,</strong></span> <span class='ocrx_word' id='word_1_182' title='bbox 315 2926 466 2993; x_wconf 90' lang='lat' dir='ltr'><strong>dominus</strong></span> <span class='ocrx_word' id='word_1_183' title='bbox 491 2931 660 3016; x_wconf 88' lang='lat' dir='ltr'><strong>conspexit</strong></span> <span class='ocrx_word' id='word_1_184' title='bbox 681 2949 699 2992; x_wconf 90' lang='lat' dir='ltr'><strong>e</strong></span> <span class='ocrx_word' id='word_1_185' title='bbox 723 2926 812 2991; x_wconf 86' lang='lat' dir='ltr'><strong>caelo</strong></span> <span class='ocrx_word' id='word_1_186' title='bbox 835 2929 870 2990; x_wconf 92' lang='lat' dir='ltr'><strong>in</strong></span> <span class='ocrx_word' id='word_1_187' title='bbox 891 2938 1015 2992; x_wconf 88' lang='lat' dir='ltr'><strong>terram</strong></span> <span class='ocrx_word' id='word_1_188' title='bbox 1038 2926 1081 2991; x_wconf 90' lang='lat' dir='ltr'><strong>ad</strong></span> <span class='ocrx_word' id='word_1_189' title='bbox 1102 2927 1237 2992; x_wconf 90' lang='lat' dir='ltr'><strong>audien-</strong></span> 
     </span>
     <span class='ocr_line' id='line_1_23' title="bbox 165 3034 1338 3127; baseline 0.002 -22"><span class='ocrx_word' id='word_1_190' title='bbox 165 3040 246 3105; x_wconf 91' lang='lat' dir='ltr'><strong>dum</strong></span> <span class='ocrx_word' id='word_1_191' title='bbox 281 3045 436 3127; x_wconf 83' lang='lat' dir='ltr'><strong>gemitum</strong></span> <span class='ocrx_word' id='word_1_192' title='bbox 464 3047 667 3118; x_wconf 89' lang='lat' dir='ltr'><strong>vinctorum,</strong></span> <span class='ocrx_word' id='word_1_193' title='bbox 706 3040 749 3105; x_wconf 88' lang='lat' dir='ltr'><strong>ad</strong></span> <span class='ocrx_word' id='word_1_194' title='bbox 784 3039 959 3105; x_wconf 86' lang='lat' dir='ltr'><strong>solvendos</strong></span> <span class='ocrx_word' id='word_1_195' title='bbox 994 3039 1078 3105; x_wconf 89' lang='lat' dir='ltr'><strong>filios</strong></span> <span class='ocrx_word' id='word_1_196' title='bbox 1107 3039 1237 3116; x_wconf 90' lang='lat' dir='ltr'><strong>horum,</strong></span> <span class='ocrx_word' id='word_1_197' title='bbox 1289 3034 1338 3112; x_wconf 85' lang='grc'><strong>67</strong></span> 
     </span>
     <span class='ocr_line' id='line_1_24' title="bbox 166 3135 1238 3241; baseline -0.002 -21"><span class='ocrx_word' id='word_1_198' title='bbox 166 3177 250 3241; x_wconf 86' lang='lat' dir='ltr'><strong>quos</strong></span> <span class='ocrx_word' id='word_1_199' title='bbox 272 3155 511 3234; x_wconf 77' lang='lat' dir='ltr'><strong>interfecerunt,</strong></span> <span class='ocrx_word' id='word_1_200' title='bbox 535 3155 578 3220; x_wconf 86' lang='lat' dir='ltr'><strong>ad</strong></span> <span class='ocrx_word' id='word_1_201' title='bbox 601 3153 774 3220; x_wconf 87' lang='lat' dir='ltr'><strong>dicendmn</strong></span> <span class='ocrx_word' id='word_1_202' title='bbox 797 3175 918 3219; x_wconf 88' lang='lat' dir='ltr'><strong>nomen</strong></span> <span class='ocrx_word' id='word_1_203' title='bbox 941 3135 1064 3218; x_wconf 91' lang='lat' dir='ltr'><strong>domini</strong></span> <span class='ocrx_word' id='word_1_204' title='bbox 1086 3156 1120 3218; x_wconf 92' lang='lat' dir='ltr'><strong>in</strong></span> <span class='ocrx_word' id='word_1_205' title='bbox 1139 3153 1238 3218; x_wconf 90' lang='lat' dir='ltr'><strong>Sione</strong></span> 
     </span>
     <span class='ocr_line' id='line_1_25' title="bbox 165 3266 1237 3358; baseline -0.002 -24"><span class='ocrx_word' id='word_1_206' title='bbox 165 3273 301 3356; x_wconf 86' lang='lat' dir='ltr'><strong>eiusque</strong></span> <span class='ocrx_word' id='word_1_207' title='bbox 326 3270 461 3358; x_wconf 89' lang='lat' dir='ltr'><strong>gloriam</strong></span> <span class='ocrx_word' id='word_1_208' title='bbox 482 3275 518 3335; x_wconf 91' lang='lat' dir='ltr'><strong>in</strong></span> <span class='ocrx_word' id='word_1_209' title='bbox 539 3269 772 3335; x_wconf 85' lang='lat' dir='ltr'><strong>Hierusalem.”</strong></span> <span class='ocrx_word' id='word_1_210' title='bbox 815 3267 905 3333; x_wconf 87' lang='lat' dir='ltr'><strong>Haec</strong></span> <span class='ocrx_word' id='word_1_211' title='bbox 929 3280 979 3332; x_wconf 89' lang='lat' dir='ltr'><strong>est</strong></span> <span class='ocrx_word' id='word_1_212' title='bbox 1001 3271 1065 3344; x_wconf 90' lang='lat' dir='ltr'><strong>„mi</strong></span> <span class='ocrx_word' id='word_1_213' title='bbox 1089 3266 1237 3332; x_wconf 88' lang='lat' dir='ltr'><strong>domine”</strong></span> 
     </span>
     <span class='ocr_line' id='line_1_26' title="bbox 111 3382 1126 3471; baseline 0 -23"><span class='ocrx_word' id='word_1_214' title='bbox 111 3407 137 3448; x_wconf 76' lang='lat' dir='ltr'><strong>ss</strong></span> <span class='ocrx_word' id='word_1_215' title='bbox 165 3383 285 3449; x_wconf 89' lang='lat' dir='ltr'><strong>solutio</strong></span> <span class='ocrx_word' id='word_1_216' title='bbox 307 3410 466 3470; x_wconf 78' lang='grc' dir='ltr'>μυστηριιυ</span> <span class='ocrx_word' id='word_1_217' title='bbox 484 3410 657 3471; x_wconf 64' lang='lat' dir='ltr'><strong>puertiae,</strong></span> <span class='ocrx_word' id='word_1_218' title='bbox 681 3406 783 3471; x_wconf 89' lang='lat' dir='ltr'><strong>quam</strong></span> <span class='ocrx_word' id='word_1_219' title='bbox 806 3382 887 3448; x_wconf 83' lang='lat' dir='ltr'><strong>dixit</strong></span> <span class='ocrx_word' id='word_1_220' title='bbox 908 3407 1003 3452; x_wconf 70' lang='grc' dir='ltr'>τιστις</span> <span class='ocrx_word' id='word_1_221' title='bbox 1021 3391 1126 3470; x_wconf 65' lang='lat' dir='ltr'><strong>rodae.</strong></span> 
     </span>
     <span class='ocr_line' id='line_1_27' title="bbox 251 3495 1238 3587; baseline 0.001 -25"><span class='ocrx_word' id='word_1_222' title='bbox 251 3497 389 3564; x_wconf 84' lang='lat' dir='ltr'><strong>Factum</strong></span> <span class='ocrx_word' id='word_1_223' title='bbox 417 3502 516 3587; x_wconf 87' lang='lat' dir='ltr'><strong>igitur</strong></span> <span class='ocrx_word' id='word_1_224' title='bbox 552 3510 617 3574; x_wconf 90' lang='lat' dir='ltr'><strong>est,</strong></span> <span class='ocrx_word' id='word_1_225' title='bbox 655 3521 759 3584; x_wconf 90' lang='lat' dir='ltr'><strong>quum</strong></span> <span class='ocrx_word' id='word_1_226' title='bbox 787 3496 947 3562; x_wconf 84' lang='lat' dir='ltr'><strong>Iohannes</strong></span> <span class='ocrx_word' id='word_1_227' title='bbox 977 3496 1102 3564; x_wconf 83' lang='lat' dir='ltr'><strong>linisset</strong></span> <span class='ocrx_word' id='word_1_228' title='bbox 1131 3495 1238 3563; x_wconf 84' lang='lat' dir='ltr'><strong>dicere</strong></span> 
     </span>
     <span class='ocr_line' id='line_1_28' title="bbox 160 3611 1238 3699; baseline 0 -21"><span class='ocrx_word' id='word_1_229' title='bbox 160 3611 240 3678; x_wconf 88' lang='lat' dir='ltr'><strong>haec</strong></span> <span class='ocrx_word' id='word_1_230' title='bbox 261 3613 365 3679; x_wconf 85' lang='lat' dir='ltr'><strong>verba</strong></span> <span class='ocrx_word' id='word_1_231' title='bbox 387 3613 517 3678; x_wconf 87' lang='lat' dir='ltr'><strong>lesuin</strong></span> <span class='ocrx_word' id='word_1_232' title='bbox 538 3612 654 3678; x_wconf 90' lang='lat' dir='ltr'><strong>mediis</strong></span> <span class='ocrx_word' id='word_1_233' title='bbox 678 3615 746 3677; x_wconf 89' lang='lat' dir='ltr'><strong>eius</strong></span> <span class='ocrx_word' id='word_1_234' title='bbox 770 3611 951 3699; x_wconf 91' lang='lat' dir='ltr'><strong>discipulis,</strong></span> <span class='ocrx_word' id='word_1_235' title='bbox 988 3613 1069 3677; x_wconf 83' lang='lat' dir='ltr'><strong>dixit</strong></span> <span class='ocrx_word' id='word_1_236' title='bbox 1092 3615 1135 3678; x_wconf 88' lang='lat' dir='ltr'><strong>ei:</strong></span> <span class='ocrx_word' id='word_1_237' title='bbox 1168 3637 1238 3698; x_wconf 81' lang='grc' dir='ltr'>ιυγε</span> 
     </span>
     <span class='ocr_line' id='line_1_29' title="bbox 159 3722 1239 3814; baseline 0.001 -24"><span class='ocrx_word' id='word_1_238' title='bbox 159 3725 334 3805; x_wconf 88' lang='lat' dir='ltr'><strong>Iohannes,</strong></span> <span class='ocrx_word' id='word_1_239' title='bbox 362 3724 508 3814; x_wconf 72' lang='lat' dir='ltr'><strong>sepiens,</strong></span> <span class='ocrx_word' id='word_1_240' title='bbox 532 3729 588 3813; x_wconf 91' lang='lat' dir='ltr'><strong>qui</strong></span> <span class='ocrx_word' id='word_1_241' title='bbox 611 3722 707 3814; x_wconf 71' lang='grc' dir='ltr'>αρξεις</span> <span class='ocrx_word' id='word_1_242' title='bbox 727 3729 762 3790; x_wconf 92' lang='lat' dir='ltr'><strong>in</strong></span> <span class='ocrx_word' id='word_1_243' title='bbox 783 3749 884 3814; x_wconf 89' lang='lat' dir='ltr'><strong>regno</strong></span> <span class='ocrx_word' id='word_1_244' title='bbox 906 3727 997 3792; x_wconf 85' lang='lat' dir='ltr'><strong>lucis.</strong></span> <span class='ocrx_word' id='word_1_245' title='bbox 1041 3725 1183 3812; x_wconf 89' lang='lat' dir='ltr'><strong>Pergens</strong></span> <span class='ocrx_word' id='word_1_246' title='bbox 1206 3723 1239 3791; x_wconf 78' lang='lat' dir='ltr'><strong>da</strong></span> 
     </span>
     <span class='ocr_line' id='line_1_30' title="bbox 163 3838 1238 3925; baseline -0.003 -23"><span class='ocrx_word' id='word_1_247' title='bbox 163 3839 269 3903; x_wconf 90' lang='lat' dir='ltr'><strong>adhuc</strong></span> <span class='ocrx_word' id='word_1_248' title='bbox 290 3841 381 3906; x_wconf 87' lang='lat' dir='ltr'><strong>lesus</strong></span> <span class='ocrx_word' id='word_1_249' title='bbox 404 3843 438 3906; x_wconf 88' lang='lat' dir='ltr'><strong>in</strong></span> <span class='ocrx_word' id='word_1_250' title='bbox 461 3863 611 3906; x_wconf 88' lang='lat' dir='ltr'><strong>sermone</strong></span> <span class='ocrx_word' id='word_1_251' title='bbox 635 3841 716 3906; x_wconf 86' lang='lat' dir='ltr'><strong>dixit</strong></span> <span class='ocrx_word' id='word_1_252' title='bbox 737 3843 803 3905; x_wconf 89' lang='lat' dir='ltr'><strong>suis</strong></span> <span class='ocrx_word' id='word_1_253' title='bbox 826 3839 986 3925; x_wconf 70' lang='grc' dir='ltr'>μαθηταιςι</span> <span class='ocrx_word' id='word_1_254' title='bbox 1018 3838 1157 3902; x_wconf 90' lang='lat' dir='ltr'><strong>Factum</strong></span> <span class='ocrx_word' id='word_1_255' title='bbox 1188 3849 1238 3900; x_wconf 86' lang='lat' dir='ltr'><strong>est</strong></span> 
     </span>
     <span class='ocr_line' id='line_1_31' title="bbox 109 3950 1238 4041; baseline -0.002 -26"><span class='ocrx_word' id='word_1_256' title='bbox 109 3973 137 4015; x_wconf 83' lang='grc' dir='ltr'><strong>ιι</strong></span> <span class='ocrx_word' id='word_1_257' title='bbox 165 3950 272 4016; x_wconf 83' lang='lat' dir='ltr'><strong>adhuc</strong></span> <span class='ocrx_word' id='word_1_258' title='bbox 293 3953 356 4018; x_wconf 92' lang='lat' dir='ltr'><strong>hoc</strong></span> <span class='ocrx_word' id='word_1_259' title='bbox 378 3954 487 4020; x_wconf 92' lang='lat' dir='ltr'><strong>modo.</strong></span> <span class='ocrx_word' id='word_1_260' title='bbox 525 3955 681 4041; x_wconf 69' lang='grc' dir='ltr'>Πριβολαι</span> <span class='ocrx_word' id='word_1_261' title='bbox 701 3951 850 4025; x_wconf 68' lang='lat' dir='ltr'><strong>eododem</strong></span> <span class='ocrx_word' id='word_1_262' title='bbox 871 3952 1050 4039; x_wconf 88' lang='lat' dir='ltr'><strong>affligentes</strong></span> <span class='ocrx_word' id='word_1_263' title='bbox 1073 3975 1168 4014; x_wconf 79' lang='grc' dir='ltr'>πιστιν</span> <span class='ocrx_word' id='word_1_264' title='bbox 1187 3974 1238 4013; x_wconf 80' lang='lat' dir='ltr'><strong>rc·</strong></span> 
     </span>
     <span class='ocr_line' id='line_1_32' title="bbox 165 4065 1237 4154; baseline -0.004 -22"><span class='ocrx_word' id='word_1_265' title='bbox 165 4072 239 4154; x_wconf 70' lang='grc' dir='ltr'>φιαν</span> <span class='ocrx_word' id='word_1_266' title='bbox 260 4068 296 4128; x_wconf 92' lang='lat' dir='ltr'><strong>in</strong></span> <span class='ocrx_word' id='word_1_267' title='bbox 319 4065 400 4131; x_wconf 87' lang='lat' dir='ltr'><strong>chao</strong></span> <span class='ocrx_word' id='word_1_268' title='bbox 423 4069 600 4134; x_wconf 86' lang='lat' dir='ltr'><strong>volucrunt</strong></span> <span class='ocrx_word' id='word_1_269' title='bbox 622 4068 751 4133; x_wconf 81' lang='lat' dir='ltr'><strong>auferre</strong></span> <span class='ocrx_word' id='word_1_270' title='bbox 775 4069 843 4131; x_wconf 87' lang='lat' dir='ltr'><strong>eius</strong></span> <span class='ocrx_word' id='word_1_271' title='bbox 863 4065 976 4130; x_wconf 89' lang='lat' dir='ltr'><strong>lumen</strong></span> <span class='ocrx_word' id='word_1_272' title='bbox 995 4074 1114 4138; x_wconf 89' lang='lat' dir='ltr'><strong>totum,</strong></span> <span class='ocrx_word' id='word_1_273' title='bbox 1138 4074 1237 4148; x_wconf 84' lang='lat' dir='ltr'><strong>atque</strong></span> 
     </span>
     <span class='ocr_line' id='line_1_33' title="bbox 160 4175 1238 4256; baseline -0.004 -10"><span class='ocrx_word' id='word_1_274' title='bbox 160 4177 310 4246; x_wconf 88' lang='lat' dir='ltr'><strong>nondum</strong></span> <span class='ocrx_word' id='word_1_275' title='bbox 339 4179 528 4249; x_wconf 89' lang='lat' dir='ltr'><strong>absolutum</strong></span> <span class='ocrx_word' id='word_1_276' title='bbox 559 4196 630 4250; x_wconf 88' lang='lat' dir='ltr'><strong>erat</strong></span> <span class='ocrx_word' id='word_1_277' title='bbox 665 4185 733 4247; x_wconf 86' lang='lat' dir='ltr'><strong>eius</strong></span> <span class='ocrx_word' id='word_1_278' title='bbox 764 4191 942 4256; x_wconf 89' lang='lat' dir='ltr'><strong>statutum,</strong></span> <span class='ocrx_word' id='word_1_279' title='bbox 977 4175 1135 4243; x_wconf 83' lang='lat' dir='ltr'><strong>evehendi</strong></span> <span class='ocrx_word' id='word_1_280' title='bbox 1164 4198 1238 4242; x_wconf 89' lang='lat' dir='ltr'><strong>cam</strong></span> 
     </span>
    </p>
   </div>
   <div class='ocr_carea' id='block_1_4' title="bbox 160 4309 1239 4496">
    <p class='ocr_par' dir='ltr' id='par_1_4' title="bbox 160 4309 1239 4496">
     <span class='ocr_line' id='line_1_34' title="bbox 244 4309 1239 4397; baseline -0.001 -25"><span class='ocrx_word' id='word_1_281' title='bbox 244 4311 272 4373; x_wconf 87' lang='grc'><strong>6.</strong></span> <span class='ocrx_word' id='word_1_282' title='bbox 294 4314 436 4391; x_wconf 87' lang='lat' dir='ltr'><strong>„Inimici</strong></span> <span class='ocrx_word' id='word_1_283' title='bbox 459 4317 525 4378; x_wconf 87' lang='lat' dir='ltr'><strong>me”</strong></span> <span class='ocrx_word' id='word_1_284' title='bbox 546 4336 603 4397; x_wconf 88' lang='lat' dir='ltr'><strong>pro</strong></span> <span class='ocrx_word' id='word_1_285' title='bbox 625 4312 764 4392; x_wconf 86' lang='lat' dir='ltr'><strong>„Inimici</strong></span> <span class='ocrx_word' id='word_1_286' title='bbox 778 4311 856 4372; x_wconf 87' lang='lat' dir='ltr'><strong>mei’&#39;</strong></span> <span class='ocrx_word' id='word_1_287' title='bbox 878 4311 911 4371; x_wconf 87' lang='lat' dir='ltr'><strong>P.</strong></span> <span class='ocrx_word' id='word_1_288' title='bbox 953 4309 1003 4372; x_wconf 76' lang='lat'><strong>12.</strong></span> <span class='ocrx_word' id='word_1_289' title='bbox 1020 4309 1108 4371; x_wconf 88' lang='lat' dir='ltr'><strong>finem</strong></span> <span class='ocrx_word' id='word_1_290' title='bbox 1123 4315 1239 4392; x_wconf 86' lang='lat' dir='ltr'><strong>(saecu-</strong></span> 
     </span>
     <span class='ocr_line' id='line_1_35' title="bbox 160 4411 1103 4496; baseline 0 -24"><span class='ocrx_word' id='word_1_291' title='bbox 160 4412 237 4492; x_wconf 86' lang='lat' dir='ltr'><strong>lum,</strong></span> <span class='ocrx_word' id='word_1_292' title='bbox 260 4413 280 4474; x_wconf 89' lang='lat' dir='ltr'><strong>i.</strong></span> <span class='ocrx_word' id='word_1_293' title='bbox 297 4435 323 4476; x_wconf 87' lang='lat' dir='ltr'><strong>c.</strong></span> <span class='ocrx_word' id='word_1_294' title='bbox 347 4415 377 4476; x_wconf 89' lang='lat' dir='ltr'><strong>in</strong></span> <span class='ocrx_word' id='word_1_295' title='bbox 400 4427 554 4478; x_wconf 86' lang='lat' dir='ltr'><strong>aeternum</strong></span> <span class='ocrx_word' id='word_1_296' title='bbox 576 4415 626 4496; x_wconf 82' lang='grc' dir='ltr'><strong>Ρ.)</strong></span> <span class='ocrx_word' id='word_1_297' title='bbox 667 4413 718 4475; x_wconf 85' lang='grc'><strong>31.</strong></span> <span class='ocrx_word' id='word_1_298' title='bbox 739 4412 771 4473; x_wconf 90' lang='lat' dir='ltr'><strong>in</strong></span> <span class='ocrx_word' id='word_1_299' title='bbox 792 4411 865 4473; x_wconf 85' lang='lat' dir='ltr'><strong>chao</strong></span> <span class='ocrx_word' id='word_1_300' title='bbox 887 4411 933 4492; x_wconf 90' lang='lat' dir='ltr'><strong>(in</strong></span> <span class='ocrx_word' id='word_1_301' title='bbox 956 4411 1033 4473; x_wconf 86' lang='lat' dir='ltr'><strong>chais</strong></span> <span class='ocrx_word' id='word_1_302' title='bbox 1055 4411 1103 4490; x_wconf 87' lang='lat' dir='ltr'><strong>P.)</strong></span> 
     </span>
    </p>
   </div>
   <div class='ocr_carea' id='block_1_5' title="bbox 0 0 1652 5354">
    <p class='ocr_par' dir='ltr' id='par_1_5' title="bbox 0 0 1652 5354">
     <span class='ocr_line' id='line_1_36' title="bbox 0 0 1652 5354; baseline 0 2"><span class='ocrx_word' id='word_1_303' title='bbox 0 0 1652 5354; x_wconf 95' lang='lat' dir='ltr'><strong> </strong></span> 
     </span>
    </p>
   </div>
  </div>
 </body>
</html>
