3296 5354
961 488 1004 554 ib

444 692 563 761 magna
585 666 841 758 perturbatione.
878 667 923 734 Et
945 666 1058 733 relicto
1081 665 1138 731 illo
1161 665 1245 744 loco,
1268 671 1344 733 veni
1367 668 1411 734 ad
1424 683 1515 745 πυλην

445 784 607 851 secundae
629 795 773 870 σφαιρωε,
797 795 954 870 quaeest
977 779 1146 867 εἷμωρμενη.
1192 778 1389 848 Commotae
1409 797 1516 850 autem

445 898 503 984 (de)
528 912 605 963 sunt
626 901 695 963 eius
719 910 816 963 πυλαι
840 917 953 963 omnes
978 908 1011 960 et
1033 908 1166 982 apertae
1194 909 1271 960 sunt
1297 898 1382 960 inter
1410 919 1445 962 ae
1471 901 1515 962 in·

444 1017 559 1078 vicem.
604 1011 649 1077 Et
669 1015 833 1098 ingressus
858 1032 932 1074 sum
954 1012 989 1073 in
1012 1034 1105 1079 araeve
1123 1007 1313 1094 εἷμαρμενης,
1341 1009 1448 1075 sactus
1469 1008 1516 1076 lu·

445 1150 522 1192 men
537 1148 637 1213 quam
652 1127 802 1200 maxime,
826 1123 935 1188 nullus
950 1121 1069 1187 modus
1083 1121 1208 1198 lumini,
1233 1122 1324 1209 quod
1340 1137 1412 1188 erat
1432 1124 1515 1190 mihi
1533 1151 1545 1189 s
1613 1209 1614 1216 ἵ

444 1240 548 1307 Eram
576 1243 663 1304 enim
692 1237 775 1325 (γαρ)
804 1236 862 1300 lux
883 1240 918 1301 in
947 1233 1108 1328 εἷμαρμενῃ
1135 1238 1241 1300 maior
1269 1259 1368 1323 quam
1399 1245 1517 1325 σφωιρω

446 1353 639 1439 quadragies
669 1354 792 1416 novies.
844 1351 889 1415 Et
915 1349 1100 1438 perturbati
1129 1363 1207 1414 sunt
1235 1375 1377 1435 αρχοντες
1407 1373 1515 1416 omnes

446 1481 479 1532 et
500 1479 668 1531 versantes
692 1488 806 1530 omnes
829 1467 863 1528 in
886 1463 1060 1555 εἱμαρμενῃ,
1097 1478 1130 1528 et
1152 1464 1338 1529 ceciderunt
1365 1488 1463 1552 super
1485 1487 1516 1530 se
1613 1495 1614 1500 ¹

446 1603 574 1657 onmes,
599 1580 733 1644 suerunt
754 1583 789 1643 in
811 1600 930 1665 magno
954 1581 1087 1654 timore,
1119 1577 1266 1642 videntes
1290 1601 1447 1664 magnum
1468 1580 1515 1643 lu·

444 1719 535 1771 men,
567 1694 657 1781 quod
687 1707 758 1758 erat
785 1692 873 1756 mihi.
924 1692 970 1756 Et
997 1694 1106 1755 intuiti
1131 1694 1166 1756 in
1193 1714 1304 1757 meum
1332 1691 1446 1775 ινὸυμα,
1468 1693 1555 1760 lu·1a

445 1810 569 1886 cidum,
600 1809 754 1873 viderunt
774 1833 931 1891 μυστηριον
959 1808 1008 1869 sui
1037 1808 1177 1870 nominis
1199 1809 1234 1870 in
1256 1829 1331 1871 meo
1362 1805 1516 1886 εινδυμαιτι,

446 1937 479 1989 et
501 1927 604 2010 magis
627 1920 824 2010 perturbati,
851 1919 986 1985 suerunt
1007 1923 1041 1983 in
1064 1942 1182 2007 magno
1206 1923 1337 1997 timore,
1362 1919 1516 1986 dicentes:

446 2036 614 2124 quomodo
639 2035 791 2099 dominus
815 2037 957 2098 universi
980 2037 1121 2098 mutavit
1144 2056 1221 2110 nos,
1249 2034 1339 2098 haud
1363 2036 1516 2099 scientes?

445 2163 478 2214 et
508 2149 615 2213 soluta
645 2160 721 2212 sunt
750 2147 881 2212 vincula
912 2151 1023 2212 omnia
1053 2170 1169 2212 eorum
1198 2174 1302 2224 τοπων,
1338 2171 1517 2236 eorumque

444 2259 566 2350 ταξεωιν,
590 2283 769 2347 eorumque
787 2289 875 2326 οικων.
906 2260 1078 2325 Venerunt
1100 2285 1213 2326 onmes
1238 2261 1348 2338 simul,
1371 2277 1516 2350 proster-
1535 2287 1559 2328 rs

444 2389 558 2440 nentes
589 2396 622 2438 se
654 2374 835 2438 adorarunt
861 2397 914 2439 me
938 2397 1049 2440 coram
1072 2399 1133 2440 me.
1183 2376 1228 2442 Et
1250 2379 1435 2441 cecinerunt
1455 2383 1518 2462 ύμ-

342 2487 393 2561 23
445 2516 508 2560 νους
531 2511 644 2554 omnes
661 2488 758 2552 simul
773 2491 901 2554 interno
917 2493 1138 2567 internortun,
1164 2504 1333 2555 versantes
1348 2493 1384 2554 in
1398 2513 1518 2579 magno

445 2607 563 2669 timore
589 2617 622 2668 et
643 2606 677 2666 in
699 2625 819 2690 magna
841 2604 1098 2691 perturbatione.

533 2717 658 2783 Relicto
682 2717 755 2783 loco
778 2717 850 2794 illo,
882 2719 1081 2784 adscendens
1104 2715 1148 2781 ad
1176 2740 1313 2804 magnos
1337 2744 1444 2789 atores
1463 2745 1519 2805 ap·

443 2859 572 2920 χοντων,
595 2835 669 2897 veni
693 2832 736 2895 ad
759 2854 875 2896 eorum
897 2859 1179 2916 navarraearum,
1204 2855 1384 2918 eorumque
1406 2847 1518 2910 πυλιις,
1535 2857 1560 2897 ²

444 2947 597 3013 exhibens
628 2946 741 3012 lumen
771 2969 872 3034 quam
905 2949 1061 3022 maxime,
1099 2946 1208 3010 nullus
1244 2945 1362 3011 modus
1392 2946 1519 3026 lumini,

446 3062 536 3149 quod
561 3073 632 3126 erat
653 3061 741 3125 mihi.
792 3060 930 3124 Factum
953 3065 1051 3148 igitur
1074 3073 1139 3137 est,
1170 3082 1274 3147 quum
1295 3065 1520 3148 pervenissem

443 3175 486 3240 ad
521 3174 694 3240 duodecim
724 3201 845 3252 atores,
883 3187 1048 3239 commota
1080 3187 1158 3238 sunt
1186 3196 1283 3262 super
1313 3197 1347 3240 se
1376 3178 1520 3242 invieem

443 3311 558 3354 eorum
581 3313 863 3371 aeternarum,
888 3311 1068 3375 eorumque
1091 3301 1198 3354 πυλαι.
1242 3287 1416 3353 Contracta
1440 3305 1521 3356 sunt

444 3402 515 3466 sola
538 3415 655 3486 sponte
678 3425 957 3480 aeternarum,
982 3415 1015 3466 et
1037 3425 1153 3467 eorum
1175 3413 1273 3468 πυλαι
1290 3416 1422 3489 apertae
1438 3419 1519 3468 sunt
1535 3427 1562 3468 z

443 3534 541 3598 super
565 3515 769 3577 seinvicem.
820 3513 866 3578 Et
891 3517 1054 3601 ingressus
1083 3539 1157 3580 sum
1186 3515 1228 3580 ad
1257 3543 1377 3594 armac,
1408 3517 1520 3583 faetus

442 3624 503 3712 (ων)
525 3624 638 3689 lumen
666 3647 765 3711 quam
788 3629 945 3706 maxime,
980 3629 1090 3694 nullus
1118 3629 1238 3694 modus
1266 3630 1396 3708 lumini,
1426 3631 1521 3718 quod

442 3752 513 3804 erat
539 3739 634 3816 mihi,
668 3742 774 3804 maius
807 3765 907 3828 quam
937 3743 1064 3820 lumen,
1100 3766 1166 3830 quo
1200 3744 1349 3832 splendui
1381 3748 1415 3808 in
1445 3773 1521 3833 οικῳ

441 3852 617 3942 simonae
632 3852 826 3944 quadragies
841 3859 964 3923 novies.
998 3855 1107 3944 Atque
1124 3880 1240 3924 eorum
1255 3873 1384 3947 ωγγελοι
1401 3882 1520 3924 omnes

442 3982 475 4036 et
498 3994 611 4047 ermes,
635 3992 815 4057 eorumque
839 3985 1050 4059 αρχαγγελοι,
1074 3993 1255 4059 eorumque
1279 3999 1433 4061 αρχοντες,
1458 3995 1519 4038 eo·
1538 3996 1567 4037 ω

523 4129 552 4187 9.
579 4148 682 4187 omnes
710 4127 858 4205 (deleatur
886 4129 1042 4204 „omnes”
1065 4139 1096 4188 et
1120 4127 1243 4189 addatur
1265 4130 1443 4204 „invicem”
1466 4130 1520 4208 P.)

440 4224 468 4284 9.
490 4226 599 4287 timore
621 4227 697 4302 (add.
720 4227 846 4303 „vaide”
867 4229 914 4304 P.)
977 4229 1028 4288 20.
1052 4248 1216 4309 eorumque
1237 4233 1340 4311 (atque
1355 4232 1444 4292 etiam
1459 4251 1519 4292 eo-

439 4345 504 4384 rum
526 4325 574 4400 P.)
621 4326 670 4385 21.
698 4328 820 4388 maxime
847 4327 924 4404 (add.
947 4328 1031 4406 „et”
1053 4329 1102 4403 Ρ.)
1149 4325 1200 4387 at.
1227 4347 1388 4411 eorumque
1409 4334 1521 4412 (atque

439 4422 527 4485 etiam
556 4443 658 4484 eorum
684 4425 733 4503 Ρ.)
786 4425 837 4484 28.
861 4451 926 4506 amq
954 4431 1051 4508 (osane
1073 4426 1111 4489 es.
1134 4426 1311 4510 ruptarii.
1334 4429 1383 4508 1³.)
