3254 5340
659 472 725 542 115

151 677 312 742 mmsis.
359 651 554 720 Clamarunt
576 673 707 718 smsum
729 650 773 719 ad
797 650 981 734 dominum,
1014 653 1141 724 audivit
1162 677 1231 738 eos,

151 791 258 858 quum
280 767 517 856 affligerentur,
548 765 643 831 duxit
670 789 726 832 eos
756 770 792 832 in
813 770 903 834 viam
931 783 1076 849 rectam,
1105 785 1145 838 ut
1173 796 1231 840 ve·

151 887 262 950 meent
290 885 326 946 in
354 908 440 948 τοπον
469 883 520 946 sui
542 879 728 945 habitaculi.
772 882 1002 949 Manifestanto
1034 884 1166 952 domino
1195 890 1231 953 in

153 1001 224 1063 cius
252 994 496 1072 misericordiis,
533 997 667 1080 eiusque
697 996 855 1062 miracula
883 1000 918 1062 in
946 999 1020 1064 liliis
1050 1001 1231 1081 hominum,

113 1135 128 1174 s
156 1111 247 1198 quod
276 1112 408 1176 satiavit
429 1106 541 1197 ψαχην
568 1112 779 1187 esurientem,
808 1108 920 1199 ψυχην
948 1115 1143 1178 esurientem
1169 1119 1232 1180 im·

152 1227 257 1316 plevit
280 1223 418 1309 syndon,
449 1221 598 1287 sedentes
627 1225 661 1286 in
683 1223 818 1310 caligine
842 1238 876 1289 et
896 1223 1016 1289 umbra
1038 1231 1169 1304 mortis,
1193 1228 1231 1292 li·

153 1353 249 1428 gatos
271 1350 466 1426 paupertate
490 1350 523 1401 et
544 1335 648 1412 ferro,
677 1337 767 1422 quod
790 1337 880 1402 dedit
901 1339 1104 1405 iracundiam
1126 1341 1229 1408 verbo
1271 1329 1345 1402 180

157 1453 224 1528 dei,
254 1450 414 1516 dederunt
434 1453 519 1514 uam
548 1450 682 1514 oonsilio
714 1451 839 1516 excelsi.
883 1452 1011 1518 Eorum
1041 1475 1098 1519 cor
1125 1455 1232 1520 humi·

155 1567 274 1631 liatum
296 1568 330 1628 in
352 1567 417 1629 suis
441 1562 620 1628 doloribus.
665 1562 833 1629 Debilitati
856 1578 947 1643 sunt,
972 1580 1005 1632 et
1026 1569 1136 1632 nullus
1158 1570 1231 1645 βοη-

101 1703 134 1755 ao¹
157 1679 204 1751 dcc
230 1683 278 1744 iis.
324 1677 517 1743 Clamarunt
539 1699 671 1742 sensum
699 1677 742 1742 ad
765 1677 945 1757 dominum,
975 1702 1078 1766 quum
1108 1681 1231 1768 afflige·

154 1807 286 1872 matur,
324 1795 470 1859 smvavit
500 1813 556 1858 eos
588 1814 629 1856 ex
658 1795 725 1856 suis
757 1819 923 1878 αναγκιις,
962 1793 1075 1858 eduxit
1105 1817 1161 1860 eos
1193 1817 1234 1862 ex

154 1910 290 1997 ealigine
314 1922 348 1974 et
368 1905 488 1971 umbra
509 1910 626 1970 mortis
650 1919 684 1970 et
699 1905 839 1994 disrupit
854 1927 970 1971 eorum
985 1909 1124 1973 vincula
1163 1908 1232 1974 Ma·

155 2023 334 2088 nifestanto
358 2021 529 2086 dominum
551 2023 585 2084 in
610 2022 678 2084 eius
702 2019 946 2098 misericordiis,
961 2078 964 2084 .
977 2025 1111 2108 eiusque
1133 2026 1232 2090 mira·

157 2137 233 2201 cula
247 2136 319 2200 liliis
335 2135 518 2211 hominium,
542 2132 632 2221 quod
653 2134 814 2222 confregit
828 2149 930 2204 πυλας
945 2157 1077 2213 aeneas,
1102 2136 1234 2225 infregit

7 2279 15 2338 ’Β
105 2275 132 2316 u
158 2264 304 2336 μοχλους
325 2249 464 2325 ferreos,
497 2251 620 2336 recepit
643 2270 699 2312 eos
723 2247 765 2312 ad
789 2271 822 2314 se
850 2251 884 2312 in
909 2252 966 2314 via
994 2271 1072 2315 suaa
1096 2277 1233 2338 aventu.

156 2363 328 2430 Humiliati
356 2389 417 2450 γαρ
448 2376 525 2427 sunt
553 2375 691 2450 propter
725 2385 801 2427 suas
831 2389 967 2448 aventus.
1020 2364 1147 2430 Eorum
1176 2387 1234 2432 cor

155 2479 316 2545 fastidivit
338 2499 471 2542 omnem
495 2475 613 2540 cibum.
643 2475 962 2564 Adpropinqnarunt
976 2477 1019 2542 ad
1035 2493 1128 2553 πολην
1143 2503 1232 2545 mor·

155 2597 208 2658 tie.
247 2591 440 2657 Clamarunt
463 2612 594 2656 sursum
617 2589 659 2655 ad
675 2591 860 2670 dominum3
884 2613 986 2679 quum
1002 2591 1233 2681 affligerentur,

7 2781 12 2800 ι
159 2709 303 2772 servavit
325 2728 381 2771 eos
411 2727 453 2771 ex
474 2731 634 2792 αναγκαις.
678 2705 767 2770 Misit
794 2727 891 2770 suum
918 2705 1072 2784 verbum,
1107 2711 1235 2773 sanavit

104 2847 133 2888 n
160 2842 236 2898 eos,
267 2823 411 2884 servavit
438 2841 493 2884 eos
527 2841 567 2883 ex
596 2823 664 2884 suis
696 2817 873 2884 doloribus.
918 2819 1150 2886 Manifestanto
1174 2821 1233 2886 do·

6 2913 7 2920 ¹
158 2936 249 2999 mino
272 2935 306 2998 in
329 2936 395 2998 suis
416 2933 661 3010 misericordiis,
684 2935 818 3018 eiusque
841 2932 999 2996 miracula
1020 2935 1055 2996 in
1077 2933 1149 2998 filiis
1173 2935 1233 2998 ho-

158 3048 313 3114 minum.”
357 3048 447 3112 Haec
470 3075 518 3114 nov
540 3049 648 3134 igitur,
670 3049 716 3110 mi
740 3045 887 3122 domiue,
911 3059 962 3110 est
983 3046 1104 3110 solutio
1127 3050 1232 3132 ύμνου,

157 3185 257 3251 quem
288 3162 370 3227 dixit
399 3171 507 3250 σοφια.
551 3159 640 3226 Audi
673 3187 722 3227 ουν
754 3163 800 3224 mi
830 3159 970 3225 domine.
1014 3159 1130 3224 Dicam
1161 3181 1235 3226 eam

6 3349 11 3366 ⁸
159 3287 302 3363 φανερως.
346 3275 496 3342 Verbum
521 3301 593 3361 μιν,
622 3274 713 3361 quod
742 3274 824 3339 dixit
851 3273 972 3339 David:
1003 3273 1235 3350 „manifestate

6 3367 9 3382 ¹
106 3415 134 3456 aa
162 3390 310 3468 domiuo,
334 3389 423 3478 quod
445 3415 575 3474 χρηστος
598 3403 664 3467 est,
687 3388 778 3477 quod
799 3411 905 3476 usque
927 3387 971 3453 ad
993 3401 1163 3453 aeternum
1187 3403 1237 3454 est

160 3509 229 3572 eius
253 3505 508 3581 misericordia‚''
534 3506 644 3592 ipsum
669 3517 719 3569 est
740 3503 894 3580 verbum,
919 3503 1009 3590 quod
1025 3503 1106 3568 dixit
1120 3513 1234 3592 σοφιαε

158 3619 402 3700 „manifestabo
425 3619 499 3694 tibi,
524 3618 650 3696 lumen,
679 3618 770 3705 quod
793 3632 831 3683 tu
853 3644 962 3700 omnm
985 3633 1084 3706 atque
1106 3632 1145 3683 tu
1168 3641 1235 3684 ser·

158 3749 256 3802 vator
286 3737 377 3799 omni
411 3734 595 3822 tempore‚”
626 3747 659 3798 et
687 3733 841 3812 verbum,
877 3732 967 3820 quod
1003 3732 1085 3797 dixit
1113 3731 1234 3797 David:

6 3927 8 3938 Ι
162 3847 321 3923 „dicunto
345 3848 392 3924 hi,
429 3870 512 3935 quos
537 3847 688 3914 dominus
710 3848 863 3924 redemit,
897 3847 948 3909 hic
976 3845 1116 3910 redemit
1139 3865 1236 3908 eose
1278 3836 1346 3909 131

6 3943 8 4008 l
107 3985 135 4027 sc
162 3981 266 4024 manu
288 3982 424 4026 suorum
444 3963 678 4039 inimicorum,”
701 3965 811 4049 ipsum
835 3973 884 4024 est
905 3956 1058 4032 verbum,
1083 3956 1172 4041 quod
1188 3955 1237 4021 di·

160 4077 210 4140 xit
232 4082 346 4161 σοφιωε
368 4073 499 4152 „dicam
527 4077 613 4142 hunc
634 4081 726 4161 ὕμνον
748 4075 877 4150 lumini,
906 4070 996 4158 quod
1018 4072 1163 4134 servavit
1184 4093 1237 4136 me

161 4202 195 4255 et
218 4191 363 4254 servavit
384 4213 438 4256 me
461 4213 479 4256 e
501 4213 603 4256 manu
619 4215 779 4279 αρχοντων,
802 4209 953 4252 meorum
968 4186 1232 4251 inimicorum''-

242 4328 273 4390 2.
302 4339 337 4389 ut
357 4330 499 4391 venirent
524 4337 573 4404 (ut
598 4327 811 4390 adscenderent
833 4327 880 4404 P.)
944 4324 993 4385 17.
1021 4325 1056 4386 ad
1077 4335 1168 4400 πυλην
1189 4325 1239 4406 (ad

159 4437 256 4492 notae
276 4428 326 4508 P.)
389 4429 441 4491 19.
466 4451 501 4492 ex
522 4453 664 4509 αναγκαις
685 4431 717 4510 (e
737 4427 797 4490 suia
819 4451 962 4508 αναγκαις
982 4426 1032 4504 P.)

987 4531 1034 4604 h.
