<?xml version="1.0" encoding="UTF-8"?>
<!DOCTYPE html PUBLIC "-//W3C//DTD XHTML 1.0 Transitional//EN"
    "http://www.w3.org/TR/xhtml1/DTD/xhtml1-transitional.dtd">
<html xmlns="http://www.w3.org/1999/xhtml" xml:lang="en" lang="en">
 <head>
  <title>
</title>
<meta http-equiv="Content-Type" content="text/html;charset=utf-8" />
  <meta name='ocr-system' content='tesseract 3.04.00' />
  <meta name='ocr-capabilities' content='ocr_page ocr_carea ocr_par ocr_line ocrx_word'/>
</head>
<body>
  <div class='ocr_page' id='page_1' title='image "./pistissophiaopu00petegoog_0541.png"; bbox 0 0 3254 5340; ppageno 0'>
   <div class='ocr_carea' id='block_1_1' title="bbox 950 463 1016 533">
    <p class='ocr_par' dir='ltr' id='par_1_1' title="bbox 950 463 1016 533">
     <span class='ocr_line' id='line_1_1' title="bbox 950 463 1016 533; baseline -0.03 0"><span class='ocrx_word' id='word_1_1' title='bbox 950 463 1016 533; x_wconf 82' lang='lat' dir='ltr'>tto</span> 
     </span>
    </p>
   </div>
   <div class='ocr_carea' id='block_1_2' title="bbox 329 639 1609 4136">
    <p class='ocr_par' dir='ltr' id='par_1_2' title="bbox 329 639 1609 4136">
     <span class='ocr_line' id='line_1_2' title="bbox 446 639 1521 734; baseline -0.005 -21"><span class='ocrx_word' id='word_1_2' title='bbox 446 667 521 713; x_wconf 86' lang='lat' dir='ltr'>mua</span> <span class='ocrx_word' id='word_1_3' title='bbox 542 655 760 734; x_wconf 85' lang='lat' dir='ltr'>peraequatur</span> <span class='ocrx_word' id='word_1_4' title='bbox 787 663 898 708; x_wconf 87' lang='lat' dir='ltr'>meam</span> <span class='ocrx_word' id='word_1_5' title='bbox 918 644 1004 719; x_wconf 88' lang='lat' dir='ltr'>vim,</span> <span class='ocrx_word' id='word_1_6' title='bbox 1039 655 1080 708; x_wconf 86' lang='lat' dir='ltr'>ut</span> <span class='ocrx_word' id='word_1_7' title='bbox 1109 639 1336 731; x_wconf 81' lang='lat' dir='ltr'><strong>apprehendat</strong></span> <span class='ocrx_word' id='word_1_8' title='bbox 1365 661 1454 717; x_wconf 88' lang='lat' dir='ltr'>eam,</span> <span class='ocrx_word' id='word_1_9' title='bbox 1489 652 1521 708; x_wconf 86' lang='lat' dir='ltr'>et</span> 
     </span>
     <span class='ocr_line' id='line_1_3' title="bbox 447 753 1521 834; baseline -0.005 -8"><span class='ocrx_word' id='word_1_10' title='bbox 447 759 577 826; x_wconf 84' lang='lat' dir='ltr'>auferat</span> <span class='ocrx_word' id='word_1_11' title='bbox 598 781 710 830; x_wconf 86' lang='lat' dir='ltr'>meum</span> <span class='ocrx_word' id='word_1_12' title='bbox 731 759 843 824; x_wconf 88' lang='lat' dir='ltr'>lumen</span> <span class='ocrx_word' id='word_1_13' title='bbox 866 779 886 820; x_wconf 87' lang='lat' dir='ltr'>a</span> <span class='ocrx_word' id='word_1_14' title='bbox 907 776 975 834; x_wconf 84' lang='lat' dir='ltr'>me,</span> <span class='ocrx_word' id='word_1_15' title='bbox 1008 769 1048 821; x_wconf 88' lang='lat' dir='ltr'>ut</span> <span class='ocrx_word' id='word_1_16' title='bbox 1075 759 1233 820; x_wconf 78' lang='lat' dir='ltr'><strong>immittat</strong></span> <span class='ocrx_word' id='word_1_17' title='bbox 1258 753 1348 819; x_wconf 89' lang='lat' dir='ltr'>istud</span> <span class='ocrx_word' id='word_1_18' title='bbox 1369 757 1406 818; x_wconf 88' lang='lat' dir='ltr'>iu</span> <span class='ocrx_word' id='word_1_19' title='bbox 1429 776 1521 821; x_wconf 87' lang='lat' dir='ltr'>suam</span> 
     </span>
     <span class='ocr_line' id='line_1_4' title="bbox 445 870 1521 957; baseline -0.007 -17"><span class='ocrx_word' id='word_1_20' title='bbox 445 877 514 940; x_wconf 87' lang='lat' dir='ltr'>vim</span> <span class='ocrx_word' id='word_1_21' title='bbox 537 872 727 947; x_wconf 83' lang='lat' dir='ltr'><strong>obscuram,</strong></span> <span class='ocrx_word' id='word_1_22' title='bbox 758 893 841 956; x_wconf 88' lang='lat' dir='ltr'>quae</span> <span class='ocrx_word' id='word_1_23' title='bbox 870 870 1025 945; x_wconf 79' lang='lat' dir='ltr'>irnham,</span> <span class='ocrx_word' id='word_1_24' title='bbox 1057 883 1091 933; x_wconf 90' lang='lat' dir='ltr'>et</span> <span class='ocrx_word' id='word_1_25' title='bbox 1118 883 1223 957; x_wconf 89' lang='lat' dir='ltr'>ponat</span> <span class='ocrx_word' id='word_1_26' title='bbox 1252 891 1361 932; x_wconf 90' lang='lat' dir='ltr'>meam</span> <span class='ocrx_word' id='word_1_27' title='bbox 1390 871 1458 933; x_wconf 78' lang='lat' dir='ltr'>vim</span> <span class='ocrx_word' id='word_1_28' title='bbox 1487 872 1521 933; x_wconf 89' lang='lat' dir='ltr'>iu</span> 
     </span>
     <span class='ocr_line' id='line_1_5' title="bbox 335 974 1521 1072; baseline -0.001 -26"><span class='ocrx_word' id='word_1_29' title='bbox 335 974 408 1051; x_wconf 73' lang='lat'>172</span> <span class='ocrx_word' id='word_1_30' title='bbox 448 987 539 1052; x_wconf 89' lang='lat' dir='ltr'>chao.</span> <span class='ocrx_word' id='word_1_31' title='bbox 576 986 669 1051; x_wconf 87' lang='lat' dir='ltr'>Nunc</span> <span class='ocrx_word' id='word_1_32' title='bbox 693 987 799 1072; x_wconf 90' lang='lat' dir='ltr'>igitur,</span> <span class='ocrx_word' id='word_1_33' title='bbox 823 984 948 1058; x_wconf 88' lang='lat' dir='ltr'>lumen,</span> <span class='ocrx_word' id='word_1_34' title='bbox 973 985 1058 1068; x_wconf 91' lang='lat' dir='ltr'>erige</span> <span class='ocrx_word' id='word_1_35' title='bbox 1081 1005 1134 1048; x_wconf 86' lang='lat' dir='ltr'>me</span> <span class='ocrx_word' id='word_1_36' title='bbox 1157 985 1191 1047; x_wconf 90' lang='lat' dir='ltr'>iu</span> <span class='ocrx_word' id='word_1_37' title='bbox 1206 995 1264 1046; x_wconf 87' lang='lat' dir='ltr'>tua</span> <span class='ocrx_word' id='word_1_38' title='bbox 1278 985 1342 1057; x_wconf 89' lang='lat' dir='ltr'>ira,</span> <span class='ocrx_word' id='word_1_39' title='bbox 1366 995 1400 1046; x_wconf 91' lang='lat' dir='ltr'>et</span> <span class='ocrx_word' id='word_1_40' title='bbox 1416 982 1521 1046; x_wconf 86' lang='lat' dir='ltr'>exalta</span> 
     </span>
     <span class='ocr_line' id='line_1_6' title="bbox 446 1099 1561 1184; baseline -0.006 -19"><span class='ocrx_word' id='word_1_41' title='bbox 446 1123 555 1166; x_wconf 85' lang='lat' dir='ltr'>meam</span> <span class='ocrx_word' id='word_1_42' title='bbox 582 1101 651 1164; x_wconf 86' lang='lat' dir='ltr'>vim</span> <span class='ocrx_word' id='word_1_43' title='bbox 681 1120 779 1184; x_wconf 88' lang='lat' dir='ltr'>super</span> <span class='ocrx_word' id='word_1_44' title='bbox 808 1119 899 1161; x_wconf 90' lang='lat' dir='ltr'>meos</span> <span class='ocrx_word' id='word_1_45' title='bbox 929 1099 1092 1172; x_wconf 89' lang='lat' dir='ltr'>inimicos,</span> <span class='ocrx_word' id='word_1_46' title='bbox 1122 1099 1179 1182; x_wconf 92' lang='lat' dir='ltr'>qui</span> <span class='ocrx_word' id='word_1_47' title='bbox 1207 1117 1377 1159; x_wconf 86' lang='lat' dir='ltr'>surrexere</span> <span class='ocrx_word' id='word_1_48' title='bbox 1405 1109 1520 1160; x_wconf 87' lang='lat' dir='ltr'>eontra</span> <span class='ocrx_word' id='word_1_49' title='bbox 1549 1117 1561 1158; x_wconf 82' lang='lat' dir='ltr'>s</span> 
     </span>
     <span class='ocr_line' id='line_1_7' title="bbox 447 1207 1520 1298; baseline -0.005 -21"><span class='ocrx_word' id='word_1_50' title='bbox 447 1235 499 1277; x_wconf 91' lang='lat' dir='ltr'>me</span> <span class='ocrx_word' id='word_1_51' title='bbox 523 1211 565 1276; x_wconf 86' lang='lat' dir='ltr'>ad</span> <span class='ocrx_word' id='word_1_52' title='bbox 589 1224 803 1298; x_wconf 87' lang='lat' dir='ltr'>postremum.</span> <span class='ocrx_word' id='word_1_53' title='bbox 848 1209 995 1286; x_wconf 88' lang='lat' dir='ltr'>Festina,</span> <span class='ocrx_word' id='word_1_54' title='bbox 1029 1208 1159 1274; x_wconf 80' lang='lat' dir='ltr'>vivifiea</span> <span class='ocrx_word' id='word_1_55' title='bbox 1188 1230 1242 1273; x_wconf 91' lang='lat' dir='ltr'>me</span> <span class='ocrx_word' id='word_1_56' title='bbox 1269 1233 1352 1273; x_wconf 68' lang='lat' dir='ltr'>aava</span> <span class='ocrx_word' id='word_1_57' title='bbox 1374 1207 1520 1286; x_wconf 86' lang='lat' dir='ltr'>modum,</span> 
     </span>
     <span class='ocr_line' id='line_1_8' title="bbox 447 1322 1520 1413; baseline -0.003 -24"><span class='ocrx_word' id='word_1_58' title='bbox 447 1348 513 1413; x_wconf 91' lang='lat' dir='ltr'>quo</span> <span class='ocrx_word' id='word_1_59' title='bbox 538 1324 664 1388; x_wconf 80' lang='lat' dir='ltr'>dixisti:</span> <span class='ocrx_word' id='word_1_60' title='bbox 693 1324 828 1401; x_wconf 64' lang='lat' dir='ltr'>(isaim</span> <span class='ocrx_word' id='word_1_61' title='bbox 848 1323 935 1386; x_wconf 88' lang='lat' dir='ltr'>tibi.”</span> <span class='ocrx_word' id='word_1_62' title='bbox 981 1323 1118 1387; x_wconf 86' lang='lat' dir='ltr'>Factum</span> <span class='ocrx_word' id='word_1_63' title='bbox 1142 1325 1327 1410; x_wconf 85' lang='lat' dir='ltr'>igiturest,</span> <span class='ocrx_word' id='word_1_64' title='bbox 1357 1344 1461 1407; x_wconf 89' lang='lat' dir='ltr'>quum</span> <span class='ocrx_word' id='word_1_65' title='bbox 1483 1322 1520 1386; x_wconf 88' lang='lat' dir='ltr'>ii·</span> 
     </span>
     <span class='ocr_line' id='line_1_9' title="bbox 444 1434 1519 1524; baseline -0.004 -20"><span class='ocrx_word' id='word_1_66' title='bbox 444 1441 546 1504; x_wconf 86' lang='lat' dir='ltr'>uisset</span> <span class='ocrx_word' id='word_1_67' title='bbox 567 1441 711 1524; x_wconf 86' lang='lat' dir='ltr'>primum</span> <span class='ocrx_word' id='word_1_68' title='bbox 732 1463 889 1520; x_wconf 73' lang='grc' dir='ltr'>μυπηρων</span> <span class='ocrx_word' id='word_1_69' title='bbox 913 1435 1019 1501; x_wconf 80' lang='lat' dir='ltr'>dicere</span> <span class='ocrx_word' id='word_1_70' title='bbox 1042 1437 1121 1502; x_wconf 83' lang='lat' dir='ltr'>haec</span> <span class='ocrx_word' id='word_1_71' title='bbox 1143 1434 1245 1500; x_wconf 87' lang='lat' dir='ltr'>verba</span> <span class='ocrx_word' id='word_1_72' title='bbox 1272 1435 1438 1518; x_wconf 62' lang='grc' dir='ltr'>μαθηται,</span> <span class='ocrx_word' id='word_1_73' title='bbox 1475 1435 1519 1500; x_wconf 88' lang='lat' dir='ltr'>di-</span> 
     </span>
     <span class='ocr_line' id='line_1_10' title="bbox 444 1547 1520 1637; baseline -0.006 -19"><span class='ocrx_word' id='word_1_74' title='bbox 444 1555 508 1618; x_wconf 83' lang='lat' dir='ltr'>xit:</span> <span class='ocrx_word' id='word_1_75' title='bbox 537 1554 594 1637; x_wconf 91' lang='lat' dir='ltr'>qui</span> <span class='ocrx_word' id='word_1_76' title='bbox 617 1576 725 1622; x_wconf 78' lang='grc' dir='ltr'>ινοησιν</span> <span class='ocrx_word' id='word_1_77' title='bbox 752 1549 833 1614; x_wconf 84' lang='lat' dir='ltr'>haee</span> <span class='ocrx_word' id='word_1_78' title='bbox 854 1549 971 1625; x_wconf 85' lang='lat' dir='ltr'>verba,</span> <span class='ocrx_word' id='word_1_79' title='bbox 1001 1572 1085 1634; x_wconf 92' lang='lat' dir='ltr'>quae</span> <span class='ocrx_word' id='word_1_80' title='bbox 1109 1549 1203 1624; x_wconf 87' lang='lat' dir='ltr'>dixit,</span> <span class='ocrx_word' id='word_1_81' title='bbox 1232 1547 1456 1635; x_wconf 78' lang='lat' dir='ltr'>progreditur,</span> <span class='ocrx_word' id='word_1_82' title='bbox 1484 1562 1520 1612; x_wconf 88' lang='lat' dir='ltr'>ut</span> 
     </span>
     <span class='ocr_line' id='line_1_11' title="bbox 444 1661 1609 1754; baseline -0.001 -25"><span class='ocrx_word' id='word_1_83' title='bbox 444 1665 594 1754; x_wconf 77' lang='lat' dir='ltr'>proferat</span> <span class='ocrx_word' id='word_1_84' title='bbox 624 1685 739 1728; x_wconf 88' lang='lat' dir='ltr'>eorum</span> <span class='ocrx_word' id='word_1_85' title='bbox 768 1663 972 1728; x_wconf 85' lang='lat' dir='ltr'>solutionem.</span> <span class='ocrx_word' id='word_1_86' title='bbox 1017 1663 1213 1749; x_wconf 82' lang='lat' dir='ltr'>Progressus</span> <span class='ocrx_word' id='word_1_87' title='bbox 1240 1661 1396 1726; x_wconf 85' lang='lat' dir='ltr'>laccobus</span> <span class='ocrx_word' id='word_1_88' title='bbox 1425 1661 1559 1728; x_wconf 76' lang='lat' dir='ltr'>dixit:n</span> <span class='ocrx_word' id='word_1_89' title='bbox 1608 1737 1609 1740; x_wconf 8' lang='grc' dir='ltr'><strong>Ἴ</strong></span> 
     </span>
     <span class='ocr_line' id='line_1_12' title="bbox 444 1777 1521 1862; baseline -0.005 -18"><span class='ocrx_word' id='word_1_90' title='bbox 444 1783 490 1844; x_wconf 90' lang='lat' dir='ltr'>mi</span> <span class='ocrx_word' id='word_1_91' title='bbox 513 1778 662 1854; x_wconf 87' lang='lat' dir='ltr'>domine,</span> <span class='ocrx_word' id='word_1_92' title='bbox 693 1777 733 1842; x_wconf 92' lang='lat' dir='ltr'>de</span> <span class='ocrx_word' id='word_1_93' title='bbox 755 1777 818 1850; x_wconf 87' lang='lat' dir='ltr'>hoc</span> <span class='ocrx_word' id='word_1_94' title='bbox 840 1780 939 1855; x_wconf 80' lang='grc' dir='ltr'><em>ὐμνω,</em></span> <span class='ocrx_word' id='word_1_95' title='bbox 970 1798 1036 1862; x_wconf 91' lang='lat' dir='ltr'>quo</span> <span class='ocrx_word' id='word_1_96' title='bbox 1059 1781 1189 1854; x_wconf 77' lang='grc' dir='ltr'>ύμνευσι</span> <span class='ocrx_word' id='word_1_97' title='bbox 1207 1801 1302 1843; x_wconf 73' lang='lat' dir='ltr'>nanas</span> <span class='ocrx_word' id='word_1_98' title='bbox 1320 1785 1436 1860; x_wconf 71' lang='lat' dir='ltr'>nopae,</span> <span class='ocrx_word' id='word_1_99' title='bbox 1463 1789 1521 1840; x_wconf 87' lang='lat' dir='ltr'>tua</span> 
     </span>
     <span class='ocr_line' id='line_1_13' title="bbox 444 1890 1518 1978; baseline -0.003 -21"><span class='ocrx_word' id='word_1_100' title='bbox 444 1895 494 1958; x_wconf 86' lang='lat' dir='ltr'>vis</span> <span class='ocrx_word' id='word_1_101' title='bbox 524 1892 654 1956; x_wconf 89' lang='lat' dir='ltr'>luminis</span> <span class='ocrx_word' id='word_1_102' title='bbox 685 1901 899 1976; x_wconf 70' lang='grc' dir='ltr'>ιπροφητευσεν</span> <span class='ocrx_word' id='word_1_103' title='bbox 930 1891 1009 1955; x_wconf 90' lang='lat' dir='ltr'>olim</span> <span class='ocrx_word' id='word_1_104' title='bbox 1036 1912 1097 1977; x_wconf 90' lang='lat' dir='ltr'>per</span> <span class='ocrx_word' id='word_1_105' title='bbox 1124 1890 1286 1954; x_wconf 85' lang='lat' dir='ltr'>Davidem</span> <span class='ocrx_word' id='word_1_106' title='bbox 1314 1891 1347 1954; x_wconf 88' lang='lat' dir='ltr'>iu</span> <span class='ocrx_word' id='word_1_107' title='bbox 1378 1893 1518 1978; x_wconf 85' lang='lat' dir='ltr'>septimo</span> 
     </span>
     <span class='ocr_line' id='line_1_14' title="bbox 443 2003 1577 2091; baseline -0.002 -21"><span class='ocrx_word' id='word_1_108' title='bbox 443 2006 590 2072; x_wconf 85' lang='lat' dir='ltr'>Psalmo:</span> <span class='ocrx_word' id='word_1_109' title='bbox 615 2005 785 2081; x_wconf 89' lang='lat' dir='ltr'>„domine,</span> <span class='ocrx_word' id='word_1_110' title='bbox 809 2008 854 2068; x_wconf 90' lang='lat' dir='ltr'>mi</span> <span class='ocrx_word' id='word_1_111' title='bbox 878 2004 972 2080; x_wconf 87' lang='lat' dir='ltr'>deus,</span> <span class='ocrx_word' id='word_1_112' title='bbox 995 2003 1117 2068; x_wconf 85' lang='lat' dir='ltr'>credidi</span> <span class='ocrx_word' id='word_1_113' title='bbox 1132 2003 1200 2074; x_wconf 84' lang='lat' dir='ltr'>tibi,</span> <span class='ocrx_word' id='word_1_114' title='bbox 1225 2025 1319 2068; x_wconf 86' lang='lat' dir='ltr'>serva</span> <span class='ocrx_word' id='word_1_115' title='bbox 1334 2025 1387 2068; x_wconf 92' lang='lat' dir='ltr'>me</span> <span class='ocrx_word' id='word_1_116' title='bbox 1404 2027 1424 2067; x_wconf 93' lang='lat' dir='ltr'>a</span> <span class='ocrx_word' id='word_1_117' title='bbox 1445 2026 1519 2091; x_wconf 86' lang='lat' dir='ltr'>per·</span> <span class='ocrx_word' id='word_1_118' title='bbox 1575 2071 1577 2076; x_wconf 74' lang='grc'>,</span> 
     </span>
     <span class='ocr_line' id='line_1_15' title="bbox 444 2115 1519 2206; baseline -0.004 -22"><span class='ocrx_word' id='word_1_119' title='bbox 444 2119 655 2204; x_wconf 86' lang='lat' dir='ltr'>sequentibus</span> <span class='ocrx_word' id='word_1_120' title='bbox 672 2141 734 2194; x_wconf 89' lang='lat' dir='ltr'>me,</span> <span class='ocrx_word' id='word_1_121' title='bbox 759 2131 792 2182; x_wconf 89' lang='lat' dir='ltr'>et</span> <span class='ocrx_word' id='word_1_122' title='bbox 806 2117 922 2182; x_wconf 86' lang='lat' dir='ltr'>liberes</span> <span class='ocrx_word' id='word_1_123' title='bbox 938 2141 1001 2194; x_wconf 88' lang='lat' dir='ltr'>me,</span> <span class='ocrx_word' id='word_1_124' title='bbox 1023 2120 1260 2206; x_wconf 70' lang='lat' dir='ltr'>parasarapiat</span> <span class='ocrx_word' id='word_1_125' title='bbox 1275 2115 1519 2202; x_wconf 63' lang='lat' dir='ltr'>maraensium,</span> 
     </span>
     <span class='ocr_line' id='line_1_16' title="bbox 444 2230 1559 2307; baseline 0.003 -12"><span class='ocrx_word' id='word_1_126' title='bbox 444 2234 528 2295; x_wconf 85' lang='lat' dir='ltr'>sicut</span> <span class='ocrx_word' id='word_1_127' title='bbox 550 2231 617 2306; x_wconf 88' lang='lat' dir='ltr'>leo,</span> <span class='ocrx_word' id='word_1_128' title='bbox 649 2234 806 2296; x_wconf 82' lang='lat' dir='ltr'>existente</span> <span class='ocrx_word' id='word_1_129' title='bbox 829 2231 920 2296; x_wconf 90' lang='lat' dir='ltr'>nullo</span> <span class='ocrx_word' id='word_1_130' title='bbox 951 2245 1132 2307; x_wconf 85' lang='lat' dir='ltr'>servatore,</span> <span class='ocrx_word' id='word_1_131' title='bbox 1161 2245 1195 2296; x_wconf 89' lang='lat' dir='ltr'>et</span> <span class='ocrx_word' id='word_1_132' title='bbox 1222 2230 1406 2296; x_wconf 86' lang='lat' dir='ltr'>liberatore.</span> <span class='ocrx_word' id='word_1_133' title='bbox 1451 2232 1559 2298; x_wconf 74' lang='lat' dir='ltr'>Dor</span> 
     </span>
     <span class='ocr_line' id='line_1_17' title="bbox 443 2343 1520 2432; baseline -0.001 -22"><span class='ocrx_word' id='word_1_134' title='bbox 443 2346 540 2420; x_wconf 88' lang='lat' dir='ltr'>mine,</span> <span class='ocrx_word' id='word_1_135' title='bbox 564 2347 609 2406; x_wconf 87' lang='lat' dir='ltr'>mi</span> <span class='ocrx_word' id='word_1_136' title='bbox 632 2343 728 2418; x_wconf 90' lang='lat' dir='ltr'>deus,</span> <span class='ocrx_word' id='word_1_137' title='bbox 752 2346 777 2407; x_wconf 91' lang='lat' dir='ltr'>si</span> <span class='ocrx_word' id='word_1_138' title='bbox 802 2343 864 2409; x_wconf 86' lang='lat' dir='ltr'>ieci</span> <span class='ocrx_word' id='word_1_139' title='bbox 887 2344 965 2420; x_wconf 86' lang='lat' dir='ltr'>hoe,</span> <span class='ocrx_word' id='word_1_140' title='bbox 990 2348 1015 2409; x_wconf 91' lang='lat' dir='ltr'>si</span> <span class='ocrx_word' id='word_1_141' title='bbox 1039 2359 1089 2410; x_wconf 90' lang='lat' dir='ltr'>est</span> <span class='ocrx_word' id='word_1_142' title='bbox 1111 2347 1268 2432; x_wconf 87' lang='lat' dir='ltr'>iniustitia</span> <span class='ocrx_word' id='word_1_143' title='bbox 1289 2347 1323 2408; x_wconf 89' lang='lat' dir='ltr'>in</span> <span class='ocrx_word' id='word_1_144' title='bbox 1345 2347 1427 2410; x_wconf 89' lang='lat' dir='ltr'>meis</span> <span class='ocrx_word' id='word_1_145' title='bbox 1451 2367 1520 2409; x_wconf 90' lang='lat' dir='ltr'>ma·</span> 
     </span>
     <span class='ocr_line' id='line_1_18' title="bbox 443 2457 1521 2546; baseline 0.002 -24"><span class='ocrx_word' id='word_1_146' title='bbox 443 2459 554 2533; x_wconf 88' lang='lat' dir='ltr'>nibus,</span> <span class='ocrx_word' id='word_1_147' title='bbox 584 2461 610 2522; x_wconf 89' lang='lat' dir='ltr'>si</span> <span class='ocrx_word' id='word_1_148' title='bbox 632 2457 769 2521; x_wconf 85' lang='lat' dir='ltr'>retribui</span> <span class='ocrx_word' id='word_1_149' title='bbox 792 2457 1045 2522; x_wconf 76' lang='lat' dir='ltr'>retrIbuentibus</span> <span class='ocrx_word' id='word_1_150' title='bbox 1074 2460 1153 2522; x_wconf 89' lang='lat' dir='ltr'><strong>mihi</strong></span> <span class='ocrx_word' id='word_1_151' title='bbox 1181 2459 1284 2534; x_wconf 86' lang='lat' dir='ltr'>mala,</span> <span class='ocrx_word' id='word_1_152' title='bbox 1319 2458 1435 2522; x_wconf 83' lang='lat' dir='ltr'>cadam</span> <span class='ocrx_word' id='word_1_153' title='bbox 1461 2481 1521 2546; x_wconf 87' lang='lat' dir='ltr'>per</span> 
     </span>
     <span class='ocr_line' id='line_1_19' title="bbox 443 2573 1521 2661; baseline 0 -25"><span class='ocrx_word' id='word_1_154' title='bbox 443 2595 535 2637; x_wconf 88' lang='lat' dir='ltr'>meos</span> <span class='ocrx_word' id='word_1_155' title='bbox 558 2573 705 2636; x_wconf 83' lang='lat' dir='ltr'>inimicos</span> <span class='ocrx_word' id='word_1_156' title='bbox 728 2574 848 2647; x_wconf 87' lang='lat' dir='ltr'>inanis,</span> <span class='ocrx_word' id='word_1_157' title='bbox 875 2574 1024 2637; x_wconf 84' lang='lat' dir='ltr'>inimicus</span> <span class='ocrx_word' id='word_1_158' title='bbox 1052 2595 1144 2638; x_wconf 90' lang='lat' dir='ltr'>meus</span> <span class='ocrx_word' id='word_1_159' title='bbox 1167 2586 1386 2661; x_wconf 86' lang='lat' dir='ltr'>persequatur</span> <span class='ocrx_word' id='word_1_160' title='bbox 1409 2595 1521 2638; x_wconf 87' lang='lat' dir='ltr'>meam</span> 
     </span>
     <span class='ocr_line' id='line_1_20' title="bbox 441 2682 1521 2772; baseline 0.003 -25"><span class='ocrx_word' id='word_1_161' title='bbox 441 2682 567 2772; x_wconf 69' lang='grc' dir='ltr'><em>ψυχην,</em></span> <span class='ocrx_word' id='word_1_162' title='bbox 596 2698 636 2748; x_wconf 89' lang='lat' dir='ltr'>ut</span> <span class='ocrx_word' id='word_1_163' title='bbox 664 2685 888 2772; x_wconf 85' lang='lat' dir='ltr'>apprehendat</span> <span class='ocrx_word' id='word_1_164' title='bbox 915 2709 1002 2762; x_wconf 86' lang='lat' dir='ltr'>eam,</span> <span class='ocrx_word' id='word_1_165' title='bbox 1033 2687 1201 2752; x_wconf 84' lang='lat' dir='ltr'>conculcet</span> <span class='ocrx_word' id='word_1_166' title='bbox 1228 2709 1337 2751; x_wconf 88' lang='lat' dir='ltr'>meam</span> <span class='ocrx_word' id='word_1_167' title='bbox 1358 2689 1466 2751; x_wconf 84' lang='lat' dir='ltr'>vitam</span> <span class='ocrx_word' id='word_1_168' title='bbox 1488 2690 1521 2750; x_wconf 92' lang='lat' dir='ltr'>in</span> 
     </span>
     <span class='ocr_line' id='line_1_21' title="bbox 442 2797 1564 2886; baseline 0.002 -22"><span class='ocrx_word' id='word_1_169' title='bbox 442 2799 565 2876; x_wconf 85' lang='lat' dir='ltr'>solum,</span> <span class='ocrx_word' id='word_1_170' title='bbox 594 2814 627 2864; x_wconf 90' lang='lat' dir='ltr'>et</span> <span class='ocrx_word' id='word_1_171' title='bbox 650 2797 748 2863; x_wconf 87' lang='lat' dir='ltr'>faciat</span> <span class='ocrx_word' id='word_1_172' title='bbox 770 2821 877 2864; x_wconf 88' lang='lat' dir='ltr'>meam</span> <span class='ocrx_word' id='word_1_173' title='bbox 901 2801 1038 2886; x_wconf 82' lang='lat' dir='ltr'>gloriam</span> <span class='ocrx_word' id='word_1_174' title='bbox 1065 2823 1135 2866; x_wconf 87' lang='lat' dir='ltr'>esse</span> <span class='ocrx_word' id='word_1_175' title='bbox 1163 2804 1197 2864; x_wconf 92' lang='lat' dir='ltr'>in</span> <span class='ocrx_word' id='word_1_176' title='bbox 1224 2827 1296 2881; x_wconf 78' lang='grc' dir='ltr'><strong>χον.</strong></span> <span class='ocrx_word' id='word_1_177' title='bbox 1319 2809 1519 2882; x_wconf 61' lang='lat' dir='ltr'>diepam</span> <span class='ocrx_word' id='word_1_178' title='bbox 1542 2827 1564 2866; x_wconf 75' lang='lat' dir='ltr'>a</span> 
     </span>
     <span class='ocr_line' id='line_1_22' title="bbox 442 2911 1519 3004; baseline 0 -26"><span class='ocrx_word' id='word_1_179' title='bbox 442 2911 561 3000; x_wconf 87' lang='lat' dir='ltr'>Surge,</span> <span class='ocrx_word' id='word_1_180' title='bbox 592 2911 737 2988; x_wconf 86' lang='lat' dir='ltr'>domine,</span> <span class='ocrx_word' id='word_1_181' title='bbox 767 2915 801 2976; x_wconf 92' lang='lat' dir='ltr'>in</span> <span class='ocrx_word' id='word_1_182' title='bbox 825 2927 882 2977; x_wconf 91' lang='lat' dir='ltr'>tua</span> <span class='ocrx_word' id='word_1_183' title='bbox 906 2941 991 3004; x_wconf 65' lang='grc' dir='ltr'>οργῃ,</span> <span class='ocrx_word' id='word_1_184' title='bbox 1023 2914 1159 2980; x_wconf 85' lang='lat' dir='ltr'>evehere</span> <span class='ocrx_word' id='word_1_185' title='bbox 1187 2917 1222 2978; x_wconf 90' lang='lat' dir='ltr'>in</span> <span class='ocrx_word' id='word_1_186' title='bbox 1244 2915 1324 2979; x_wconf 87' lang='lat' dir='ltr'>lines</span> <span class='ocrx_word' id='word_1_187' title='bbox 1348 2912 1459 3001; x_wconf 89' lang='lat' dir='ltr'>(Copt.</span> <span class='ocrx_word' id='word_1_188' title='bbox 1483 2914 1519 2978; x_wconf 85' lang='lat' dir='ltr'>fi-</span> 
     </span>
     <span class='ocr_line' id='line_1_23' title="bbox 441 3026 1519 3115; baseline 0.002 -25"><span class='ocrx_word' id='word_1_189' title='bbox 441 3026 529 3111; x_wconf 82' lang='lat' dir='ltr'>nem)</span> <span class='ocrx_word' id='word_1_190' title='bbox 552 3049 703 3091; x_wconf 88' lang='lat' dir='ltr'>meorum</span> <span class='ocrx_word' id='word_1_191' title='bbox 727 3029 943 3092; x_wconf 87' lang='lat' dir='ltr'>inimicorum.</span> <span class='ocrx_word' id='word_1_192' title='bbox 989 3026 1095 3115; x_wconf 89' lang='lat' dir='ltr'>Surgo</span> <span class='ocrx_word' id='word_1_193' title='bbox 1126 3030 1161 3092; x_wconf 88' lang='lat' dir='ltr'>in</span> <span class='ocrx_word' id='word_1_194' title='bbox 1186 3029 1296 3103; x_wconf 89' lang='lat' dir='ltr'>iussu,</span> <span class='ocrx_word' id='word_1_195' title='bbox 1329 3049 1429 3113; x_wconf 84' lang='lat' dir='ltr'>quem</span> <span class='ocrx_word' id='word_1_196' title='bbox 1453 3030 1519 3092; x_wconf 85' lang='lat' dir='ltr'>ius-</span> 
     </span>
     <span class='ocr_line' id='line_1_24' title="bbox 329 3130 1520 3229; baseline 0.003 -26"><span class='ocrx_word' id='word_1_197' title='bbox 329 3130 400 3206; x_wconf 84' lang='lat'>173</span> <span class='ocrx_word' id='word_1_198' title='bbox 441 3143 510 3205; x_wconf 86' lang='lat' dir='ltr'>sisti</span> <span class='ocrx_word' id='word_1_199' title='bbox 537 3141 617 3204; x_wconf 87' lang='lat' dir='ltr'>me.’&#39;</span> <span class='ocrx_word' id='word_1_200' title='bbox 663 3140 800 3204; x_wconf 87' lang='lat' dir='ltr'>Factum</span> <span class='ocrx_word' id='word_1_201' title='bbox 828 3143 927 3226; x_wconf 87' lang='lat' dir='ltr'>igitur</span> <span class='ocrx_word' id='word_1_202' title='bbox 956 3154 1019 3216; x_wconf 89' lang='lat' dir='ltr'>est,</span> <span class='ocrx_word' id='word_1_203' title='bbox 1055 3163 1158 3228; x_wconf 89' lang='lat' dir='ltr'>quum</span> <span class='ocrx_word' id='word_1_204' title='bbox 1186 3144 1331 3229; x_wconf 90' lang='lat' dir='ltr'>primum</span> <span class='ocrx_word' id='word_1_205' title='bbox 1359 3169 1520 3224; x_wconf 70' lang='lat' dir='ltr'>pompm</span> 
     </span>
     <span class='ocr_line' id='line_1_25' title="bbox 439 3253 1519 3340; baseline 0 -21"><span class='ocrx_word' id='word_1_206' title='bbox 439 3254 584 3319; x_wconf 87' lang='lat' dir='ltr'>audisset</span> <span class='ocrx_word' id='word_1_207' title='bbox 606 3253 686 3318; x_wconf 88' lang='lat' dir='ltr'>haec</span> <span class='ocrx_word' id='word_1_208' title='bbox 715 3253 833 3330; x_wconf 85' lang='lat' dir='ltr'>verba,</span> <span class='ocrx_word' id='word_1_209' title='bbox 861 3275 945 3340; x_wconf 87' lang='lat' dir='ltr'>quae</span> <span class='ocrx_word' id='word_1_210' title='bbox 976 3255 1057 3320; x_wconf 86' lang='lat' dir='ltr'>dixit</span> <span class='ocrx_word' id='word_1_211' title='bbox 1086 3254 1259 3334; x_wconf 84' lang='lat' dir='ltr'>lacoobus,</span> <span class='ocrx_word' id='word_1_212' title='bbox 1288 3255 1421 3320; x_wconf 86' lang='lat' dir='ltr'>loeutus</span> <span class='ocrx_word' id='word_1_213' title='bbox 1454 3269 1519 3321; x_wconf 84' lang='lat' dir='ltr'>est:</span> 
     </span>
     <span class='ocr_line' id='line_1_26' title="bbox 439 3365 1561 3452; baseline 0 -18"><span class='ocrx_word' id='word_1_214' title='bbox 439 3393 525 3452; x_wconf 80' lang='grc' dir='ltr'>ιυγε,</span> <span class='ocrx_word' id='word_1_215' title='bbox 547 3365 683 3431; x_wconf 83' lang='lat' dir='ltr'>laceobe</span> <span class='ocrx_word' id='word_1_216' title='bbox 707 3365 832 3431; x_wconf 87' lang='lat' dir='ltr'>dilecte.</span> <span class='ocrx_word' id='word_1_217' title='bbox 975 3426 978 3432; x_wconf 81' lang='grc'>,</span> <span class='ocrx_word' id='word_1_218' title='bbox 1541 3395 1561 3434; x_wconf 78' lang='lat' dir='ltr'>a</span> 
     </span>
     <span class='ocr_line' id='line_1_27' title="bbox 527 3477 1519 3568; baseline 0.004 -27"><span class='ocrx_word' id='word_1_219' title='bbox 527 3478 669 3564; x_wconf 87' lang='lat' dir='ltr'>Pergens</span> <span class='ocrx_word' id='word_1_220' title='bbox 693 3477 724 3543; x_wconf 77' lang='lat' dir='ltr'>da</span> <span class='ocrx_word' id='word_1_221' title='bbox 747 3479 853 3543; x_wconf 88' lang='lat' dir='ltr'>adhuc</span> <span class='ocrx_word' id='word_1_222' title='bbox 881 3484 1027 3568; x_wconf 88' lang='lat' dir='ltr'>primum</span> <span class='ocrx_word' id='word_1_223' title='bbox 1053 3507 1210 3563; x_wconf 75' lang='grc' dir='ltr'>μυπηριοι</span> <span class='ocrx_word' id='word_1_224' title='bbox 1240 3481 1322 3548; x_wconf 86' lang='lat' dir='ltr'>dixit</span> <span class='ocrx_word' id='word_1_225' title='bbox 1350 3479 1519 3564; x_wconf 69' lang='lat' dir='ltr'>panderent</span> 
     </span>
     <span class='ocr_line' id='line_1_28' title="bbox 439 3589 1521 3680; baseline 0.008 -29"><span class='ocrx_word' id='word_1_226' title='bbox 439 3589 577 3652; x_wconf 90' lang='lat' dir='ltr'>Factum</span> <span class='ocrx_word' id='word_1_227' title='bbox 598 3593 697 3676; x_wconf 88' lang='lat' dir='ltr'>igitur</span> <span class='ocrx_word' id='word_1_228' title='bbox 713 3605 770 3666; x_wconf 87' lang='lat' dir='ltr'>est,</span> <span class='ocrx_word' id='word_1_229' title='bbox 794 3614 897 3678; x_wconf 90' lang='lat' dir='ltr'>quum</span> <span class='ocrx_word' id='word_1_230' title='bbox 919 3620 1016 3662; x_wconf 70' lang='grc' dir='ltr'>τιστις</span> <span class='ocrx_word' id='word_1_231' title='bbox 1034 3605 1131 3680; x_wconf 68' lang='lat' dir='ltr'>nopae</span> <span class='ocrx_word' id='word_1_232' title='bbox 1153 3594 1278 3659; x_wconf 87' lang='lat' dir='ltr'>linisset</span> <span class='ocrx_word' id='word_1_233' title='bbox 1293 3595 1398 3660; x_wconf 86' lang='lat' dir='ltr'>dicere</span> <span class='ocrx_word' id='word_1_234' title='bbox 1413 3595 1521 3660; x_wconf 79' lang='lat' dir='ltr'>verba</span> 
     </span>
     <span class='ocr_line' id='line_1_29' title="bbox 437 3693 1519 3786; baseline 0.005 -20"><span class='ocrx_word' id='word_1_235' title='bbox 437 3701 536 3766; x_wconf 86' lang='lat' dir='ltr'>huius</span> <span class='ocrx_word' id='word_1_236' title='bbox 559 3708 664 3786; x_wconf 72' lang='grc' dir='ltr'><strong>ύμνου,</strong></span> <span class='ocrx_word' id='word_1_237' title='bbox 689 3725 847 3769; x_wconf 90' lang='lat' dir='ltr'>conversa</span> <span class='ocrx_word' id='word_1_238' title='bbox 871 3720 921 3770; x_wconf 87' lang='lat' dir='ltr'>est</span> <span class='ocrx_word' id='word_1_239' title='bbox 942 3693 1031 3774; x_wconf 78' lang='lat' dir='ltr'>retro</span> <span class='ocrx_word' id='word_1_240' title='bbox 1055 3707 1307 3786; x_wconf 74' lang='lat' dir='ltr'>adridendum,</span> <span class='ocrx_word' id='word_1_241' title='bbox 1331 3731 1409 3774; x_wconf 90' lang='lat' dir='ltr'>num</span> <span class='ocrx_word' id='word_1_242' title='bbox 1421 3706 1519 3772; x_wconf 82' lang='lat' dir='ltr'>Ada-</span> 
     </span>
     <span class='ocr_line' id='line_1_30' title="bbox 436 3821 1520 3904; baseline 0.004 -22"><span class='ocrx_word' id='word_1_243' title='bbox 436 3839 508 3882; x_wconf 87' lang='lat' dir='ltr'>mas</span> <span class='ocrx_word' id='word_1_244' title='bbox 533 3839 566 3882; x_wconf 89' lang='lat' dir='ltr'>se</span> <span class='ocrx_word' id='word_1_245' title='bbox 590 3821 788 3883; x_wconf 82' lang='lat' dir='ltr'>converterit</span> <span class='ocrx_word' id='word_1_246' title='bbox 809 3832 898 3884; x_wconf 89' lang='lat' dir='ltr'>retro</span> <span class='ocrx_word' id='word_1_247' title='bbox 922 3843 998 3886; x_wconf 84' lang='lat' dir='ltr'>eum</span> <span class='ocrx_word' id='word_1_248' title='bbox 1021 3826 1087 3888; x_wconf 83' lang='lat' dir='ltr'>suis</span> <span class='ocrx_word' id='word_1_249' title='bbox 1111 3849 1272 3904; x_wconf 66' lang='grc' dir='ltr'>αρχουσιν,</span> <span class='ocrx_word' id='word_1_250' title='bbox 1305 3836 1345 3887; x_wconf 90' lang='lat' dir='ltr'>ut</span> <span class='ocrx_word' id='word_1_251' title='bbox 1366 3825 1520 3887; x_wconf 85' lang='lat' dir='ltr'>venirent</span> 
     </span>
     <span class='ocr_line' id='line_1_31' title="bbox 436 3933 1565 4024; baseline 0.006 -29"><span class='ocrx_word' id='word_1_252' title='bbox 436 3933 470 3995; x_wconf 93' lang='lat' dir='ltr'>in</span> <span class='ocrx_word' id='word_1_253' title='bbox 495 3953 591 3996; x_wconf 91' lang='lat' dir='ltr'>suum</span> <span class='ocrx_word' id='word_1_254' title='bbox 614 3959 724 4011; x_wconf 71' lang='lat' dir='ltr'>aenou,</span> <span class='ocrx_word' id='word_1_255' title='bbox 757 3945 790 3998; x_wconf 91' lang='lat' dir='ltr'>et</span> <span class='ocrx_word' id='word_1_256' title='bbox 811 3933 894 3999; x_wconf 86' lang='lat' dir='ltr'>vidit</span> <span class='ocrx_word' id='word_1_257' title='bbox 923 3957 979 4000; x_wconf 88' lang='lat' dir='ltr'>eos</span> <span class='ocrx_word' id='word_1_258' title='bbox 1009 3949 1242 4024; x_wconf 88' lang='lat' dir='ltr'>persequentes</span> <span class='ocrx_word' id='word_1_259' title='bbox 1273 3959 1323 4013; x_wconf 89' lang='lat' dir='ltr'>se,</span> <span class='ocrx_word' id='word_1_260' title='bbox 1355 3957 1518 4001; x_wconf 85' lang='lat' dir='ltr'>conversa</span> <span class='ocrx_word' id='word_1_261' title='bbox 1542 3961 1565 4002; x_wconf 76' lang='lat' dir='ltr'>a</span> 
     </span>
     <span class='ocr_line' id='line_1_32' title="bbox 437 4045 1520 4136; baseline 0.004 -26"><span class='ocrx_word' id='word_1_262' title='bbox 437 4045 481 4111; x_wconf 86' lang='lat' dir='ltr'>ad</span> <span class='ocrx_word' id='word_1_263' title='bbox 495 4069 552 4113; x_wconf 86' lang='lat' dir='ltr'>eos</span> <span class='ocrx_word' id='word_1_264' title='bbox 569 4046 650 4112; x_wconf 85' lang='lat' dir='ltr'>dixit</span> <span class='ocrx_word' id='word_1_265' title='bbox 671 4046 725 4112; x_wconf 87' lang='lat' dir='ltr'>iis:</span> <span class='ocrx_word' id='word_1_266' title='bbox 748 4069 832 4124; x_wconf 87' lang='lat' dir='ltr'>„cur</span> <span class='ocrx_word' id='word_1_267' title='bbox 854 4052 1087 4136; x_wconf 88' lang='lat' dir='ltr'>persequimini</span> <span class='ocrx_word' id='word_1_268' title='bbox 1102 4051 1328 4128; x_wconf 79' lang='lat' dir='ltr'>medicantes,</span> <span class='ocrx_word' id='word_1_269' title='bbox 1351 4049 1432 4114; x_wconf 88' lang='lat' dir='ltr'><strong>mihi</strong></span> <span class='ocrx_word' id='word_1_270' title='bbox 1446 4073 1520 4115; x_wconf 88' lang='lat' dir='ltr'>nou</span> 
     </span>
    </p>
   </div>
   <div class='ocr_carea' id='block_1_3' title="bbox 434 4193 1520 4480">
    <p class='ocr_par' dir='ltr' id='par_1_3' title="bbox 434 4193 1520 4480">
     <span class='ocr_line' id='line_1_33' title="bbox 518 4193 1519 4280; baseline 0.005 -25"><span class='ocrx_word' id='word_1_271' title='bbox 518 4193 548 4254; x_wconf 84' lang='grc'>5.</span> <span class='ocrx_word' id='word_1_272' title='bbox 570 4217 664 4256; x_wconf 88' lang='lat' dir='ltr'>meam</span> <span class='ocrx_word' id='word_1_273' title='bbox 685 4197 745 4257; x_wconf 84' lang='lat' dir='ltr'>vim</span> <span class='ocrx_word' id='word_1_274' title='bbox 767 4202 861 4277; x_wconf 88' lang='lat' dir='ltr'>(tuam</span> <span class='ocrx_word' id='word_1_275' title='bbox 882 4199 942 4258; x_wconf 81' lang='lat' dir='ltr'>vim</span> <span class='ocrx_word' id='word_1_276' title='bbox 964 4199 1012 4276; x_wconf 83' lang='grc' dir='ltr'>Ρ.)</span> <span class='ocrx_word' id='word_1_277' title='bbox 1080 4197 1110 4258; x_wconf 85' lang='grc'>7.</span> <span class='ocrx_word' id='word_1_278' title='bbox 1138 4199 1194 4261; x_wconf 89' lang='lat' dir='ltr'>tibi</span> <span class='ocrx_word' id='word_1_279' title='bbox 1216 4199 1373 4280; x_wconf 82' lang='lat' dir='ltr'>(„milri‚”</span> <span class='ocrx_word' id='word_1_280' title='bbox 1395 4198 1449 4260; x_wconf 82' lang='lat' dir='ltr'>sed</span> <span class='ocrx_word' id='word_1_281' title='bbox 1473 4198 1519 4260; x_wconf 84' lang='lat' dir='ltr'>le-</span> 
     </span>
     <span class='ocr_line' id='line_1_34' title="bbox 435 4290 1520 4381; baseline 0.006 -28"><span class='ocrx_word' id='word_1_282' title='bbox 435 4290 566 4375; x_wconf 87' lang='lat' dir='ltr'>gendum</span> <span class='ocrx_word' id='word_1_283' title='bbox 594 4295 714 4357; x_wconf 80' lang='lat' dir='ltr'>videtur</span> <span class='ocrx_word' id='word_1_284' title='bbox 740 4297 773 4356; x_wconf 92' lang='lat' dir='ltr'>in</span> <span class='ocrx_word' id='word_1_285' title='bbox 801 4307 885 4358; x_wconf 84' lang='lat' dir='ltr'>textu</span> <span class='ocrx_word' id='word_1_286' title='bbox 913 4317 973 4377; x_wconf 88' lang='lat' dir='ltr'>epo</span> <span class='ocrx_word' id='word_1_287' title='bbox 995 4299 1105 4376; x_wconf 87' lang='lat' dir='ltr'>„tibi”</span> <span class='ocrx_word' id='word_1_288' title='bbox 1133 4321 1189 4381; x_wconf 87' lang='lat' dir='ltr'>pro</span> <span class='ocrx_word' id='word_1_289' title='bbox 1211 4298 1285 4379; x_wconf 86' lang='lat' dir='ltr'>epo&#39;i</span> <span class='ocrx_word' id='word_1_290' title='bbox 1316 4297 1442 4376; x_wconf 84' lang='lat' dir='ltr'>„milri”</span> <span class='ocrx_word' id='word_1_291' title='bbox 1467 4299 1520 4375; x_wconf 78' lang='grc' dir='ltr'>Ρ.)</span> 
     </span>
     <span class='ocr_line' id='line_1_35' title="bbox 434 4389 1503 4480; baseline 0.007 -29"><span class='ocrx_word' id='word_1_292' title='bbox 434 4389 463 4451; x_wconf 83' lang='grc'>9.</span> <span class='ocrx_word' id='word_1_293' title='bbox 484 4411 559 4472; x_wconf 84' lang='lat' dir='ltr'>quae</span> <span class='ocrx_word' id='word_1_294' title='bbox 581 4393 655 4454; x_wconf 91' lang='lat' dir='ltr'>dixit</span> <span class='ocrx_word' id='word_1_295' title='bbox 675 4397 764 4475; x_wconf 86' lang='lat' dir='ltr'>(qaae</span> <span class='ocrx_word' id='word_1_296' title='bbox 785 4395 845 4458; x_wconf 87' lang='lat' dir='ltr'>dixi</span> <span class='ocrx_word' id='word_1_297' title='bbox 868 4398 918 4474; x_wconf 78' lang='grc' dir='ltr'>Ρ.)</span> <span class='ocrx_word' id='word_1_298' title='bbox 987 4398 1038 4460; x_wconf 80' lang='lat'>23.</span> <span class='ocrx_word' id='word_1_299' title='bbox 1059 4399 1173 4462; x_wconf 80' lang='lat' dir='ltr'>iussisti</span> <span class='ocrx_word' id='word_1_300' title='bbox 1187 4421 1236 4463; x_wconf 85' lang='lat' dir='ltr'>me</span> <span class='ocrx_word' id='word_1_301' title='bbox 1251 4399 1323 4480; x_wconf 88' lang='lat' dir='ltr'>(del.</span> <span class='ocrx_word' id='word_1_302' title='bbox 1339 4398 1431 4476; x_wconf 84' lang='lat' dir='ltr'>„me”</span> <span class='ocrx_word' id='word_1_303' title='bbox 1445 4398 1503 4478; x_wconf 82' lang='lat' dir='ltr'>P.)</span> 
     </span>
    </p>
   </div>
   <div class='ocr_carea' id='block_1_4' title="bbox 0 0 1632 5340">
    <p class='ocr_par' dir='ltr' id='par_1_4' title="bbox 0 0 1632 5340">
     <span class='ocr_line' id='line_1_36' title="bbox 0 0 1632 5340; baseline 0 3"><span class='ocrx_word' id='word_1_304' title='bbox 0 0 1632 5340; x_wconf 95' lang='lat' dir='ltr'> </span> 
     </span>
    </p>
   </div>
  </div>
 </body>
</html>
