3296 5354
952 471 996 537 32

436 653 526 732 illos,
549 651 625 720 odio
647 651 835 718 habuerunt
857 672 931 717 enm
952 653 1109 728 maxime,
1132 662 1166 716 et
1185 669 1322 738 magnus
1338 646 1513 738 spedonam

438 767 582 844 αυθωὸης,
606 767 645 833 de
669 790 735 853 quo
758 788 845 832 nunc
867 769 935 830 iam
952 765 1017 829 dixi
1031 763 1141 842 vobis,
1166 779 1296 830 secutus
1314 780 1364 830 est
1380 787 1513 853 quoque

438 907 587 968 αρχοντως
611 880 784 945 duodecim
807 907 923 956 αιωνων,
946 893 1044 965 atque
1067 882 1169 943 iratus
1193 892 1243 942 est
1264 900 1395 965 quoque
1418 907 1512 946 πιστει

437 1006 535 1084 eopse
558 1009 591 1060 et
618 994 694 1060 odio
724 1017 798 1059 eam
825 994 941 1058 habuit
967 995 1124 1069 maxime,
1159 995 1316 1080 quoniam
1344 995 1513 1057 constituit

436 1114 484 1175 ire
506 1113 540 1174 in
562 1110 684 1186 lumen,
717 1106 806 1194 quod
835 1121 885 1172 est
916 1128 1016 1194 supra
1038 1129 1128 1183 cum,
1159 1120 1192 1171 et
1213 1106 1380 1192 προεβιιλεν
1409 1129 1449 1172 ex
1476 1129 1510 1172 se
1540 1130 1552 1168 s

437 1245 591 1310 magnam
613 1225 680 1286 vim
703 1221 784 1286 sacie
807 1220 925 1297 leonis,
962 1234 1057 1285 etex
1087 1243 1148 1285 sua
1176 1223 1251 1311 ὑλῃ,
1284 1242 1366 1306 quae
1396 1223 1431 1284 in
1461 1243 1510 1297 eo,

436 1337 602 1422 προεβαλεν
625 1336 722 1399 aliam
748 1332 991 1399 multitudinem
1017 1334 1308 1420 molismensem,
1337 1333 1510 1400 vehemen-

436 1453 520 1514 tium
542 1452 698 1526 maxime,
727 1462 760 1513 et
787 1451 877 1513 misit
903 1471 957 1514 eas
985 1451 1018 1512 in
1046 1473 1149 1518 τοπους
1177 1448 1337 1524 infernos,
1372 1447 1415 1512 ad
1436 1475 1510 1532 μεμη

436 1589 550 1649 xatus,
579 1578 617 1627 ut
639 1562 869 1626 insidiarentur
891 1588 986 1629 asem
1001 1571 1097 1650 εοφιᾳ.
1119 1561 1173 1639 ibi,
1197 1575 1230 1626 et
1252 1560 1419 1626 auferrent
1441 1565 1510 1626 eius

435 1683 517 1754 vim,
549 1679 688 1764 quaein
712 1699 765 1752 ea,
798 1690 973 1764 propterea
997 1675 1087 1761 quod
1110 1679 1279 1740 constituit
1305 1678 1352 1739 ire
1379 1679 1414 1740 in
1436 1675 1509 1740 alti·
1539 1699 1562 1740 u

435 1791 599 1867 tudinem,
631 1812 714 1876 quae
738 1804 788 1854 est
810 1811 910 1877 supra
933 1812 988 1854 eos
1012 1812 1134 1866 omnes,
1165 1803 1198 1854 et
1227 1792 1382 1876 quoniam
1405 1811 1510 1854 cessa·

435 1908 485 1969 vit
507 1926 639 1991 quoque
664 1903 770 1969 facere
794 1925 892 1968 suum
913 1929 1077 1988 μυστηριον,
1102 1918 1134 1968 et
1149 1909 1267 1985 (etta)
1288 1907 1512 1991 perseveravit

434 2018 561 2106 lugere,
591 2039 749 2104 quaerens
772 2018 899 2093 lumen,
928 2017 1018 2104 quod
1040 2018 1137 2096 vidit3
1169 2031 1202 2082 et
1225 2017 1300 2082 odio
1323 2015 1511 2081 habuerunt

434 2154 509 2196 eam
542 2157 698 2214 αρχοντες,
734 2135 790 2217 qul
821 2143 908 2195 stant
939 2145 997 2196 aut
1027 2135 1082 2216 qui
1115 2145 1249 2196 manent
1277 2133 1312 2195 in
1342 2157 1508 2218 μυστηριῳ,

435 2244 527 2330 quod
549 2243 688 2320 faciunt,
712 2257 811 2330 atque
835 2247 933 2308 etiam
957 2245 1032 2309 odio
1055 2244 1243 2310 habuerunt
1265 2267 1338 2309 eam
1368 2254 1508 2331 φυλακες
1538 2269 1562 2308 u

435 2379 563 2434 omnes,
595 2361 651 2442 qui
675 2356 765 2444 apud
787 2371 884 2430 πυλην
904 2385 1019 2424 etaim.
1064 2359 1202 2425 Factum
1230 2372 1280 2424 est
1305 2362 1404 2447 igitur
1432 2373 1510 2446 post

432 2470 513 2536 haec
537 2492 554 2535 e
583 2484 706 2536 statuto
730 2474 827 2558 primi
850 2475 972 2550 statuti,
1002 2495 1140 2561 magnus
1171 2471 1300 2546 ωυθωτης
1319 2473 1508 2560 princepae,

331 2575 381 2648 46
433 2589 491 2672 qui
513 2607 599 2649 unus
624 2598 674 2648 est
701 2606 719 2650 e
746 2584 850 2650 tribus
873 2584 1073 2670 τριδυναμοις,
1104 2587 1204 2654 cicens
1223 2598 1333 2675 ceptae
1361 2591 1396 2652 in
1423 2587 1508 2652 deci-

433 2721 489 2764 mo
518 2701 615 2764 tertio
646 2725 741 2775 acnvs,
774 2712 814 2762 ut
842 2698 1024 2788 adspiceret
1044 2728 1118 2788 μερη
1140 2701 1281 2776 inferna,
1315 2715 1354 2764 ut
1381 2701 1510 2766 videret

433 2835 528 2878 suam
555 2811 680 2896 tum
707 2813 787 2878 lucis
817 2816 852 2878 in
879 2813 953 2879 loco
982 2816 1053 2892 illo,
1090 2836 1174 2901 quae
1202 2828 1252 2880 est
1280 2814 1363 2879 facie
1392 2815 1505 2891 leonis,
1538 2839 1563 2880 n

433 2939 466 2990 et
487 2939 526 2990 ut
548 2927 712 3017 ιπιθυμησῃ
736 2949 823 3004 eam,
853 2940 891 2991 ut
912 2932 1039 2994 veniret
1066 2931 1100 2993 in
1126 2929 1236 2992 locum
1265 2932 1375 3009 (τοπιν)
1397 2929 1505 3004 illum,

430 3053 469 3105 ut
492 3041 659 3106 auferrent
682 3043 750 3106 eius
773 3041 894 3118 lucem,
919 3065 1003 3128 quae
1026 3045 1060 3106 in
1088 3064 1135 3107 ea.
1176 3042 1314 3107 Factum
1337 3045 1435 3129 igitur
1457 3054 1508 3108 est

429 3155 622 3241 posthaec,
654 3154 738 3220 vidit
761 3154 915 3244 desuper,
946 3161 1115 3244 conspexit
1136 3157 1206 3221 eius
1228 3159 1297 3222 vim
1318 3157 1448 3222 luminis
1471 3160 1507 3220 in

428 3293 545 3354 μεμε-σιν
559 3267 711 3345 infernis,
735 3281 767 3332 et
781 3268 946 3333 nesciebat
961 3273 1123 3356 pertinere
1138 3269 1181 3334 ad
1192 3269 1364 3356 τριδυναμιν
1380 3269 1504 3346 anicla,

430 3393 520 3447 ωλλα
540 3384 674 3468 opinata
695 3393 759 3456 est,
787 3380 870 3446 illud
898 3404 968 3447 esse
997 3383 1174 3460 elumine,
1204 3384 1295 3470 quod
1319 3384 1440 3452 viderit
1461 3383 1503 3448 ab
1536 3408 1562 3448 aa

428 3495 519 3557 initio
548 3496 584 3555 in
614 3492 800 3569 altitudine,
837 3492 927 3578 quod
956 3507 1006 3559 est
1034 3517 1052 3560 e
1081 3523 1338 3583 κατατετασμωτι
1359 3496 1503 3586 θησαυρου

427 3604 524 3680 lucis,
553 3618 587 3668 et
609 3607 763 3692 cogitavit
784 3604 874 3692 apud
897 3629 945 3672 se:
969 3608 1109 3674 Veniam
1130 3613 1165 3674 in
1191 3611 1390 3678 sotevillam
1412 3637 1505 3696 χωρις

427 3739 521 3782 meae
544 3718 705 3805 συνζυγου,
728 3732 767 3783 ut
787 3741 917 3785 sumam
934 3721 1060 3800 lumen,
1085 3724 1174 3810 quod
1189 3740 1406 3813 procrearunt
1424 3726 1503 3790 mihi

427 3856 527 3904 aium
545 3831 641 3910 lucis,
671 3844 710 3896 ut
737 3855 857 3918 queam
878 3838 991 3900 venire
1023 3836 1066 3902 ad
1093 3837 1206 3903 lumen
1234 3839 1409 3915 luminum,
1439 3839 1503 3905 hoc

427 3945 519 4033 quod
550 3948 586 4010 in
616 3945 786 4014 altitudine
822 3948 1041 4016 altitudinum.
1098 3951 1188 4016 Haec
1223 3956 1322 4040 igitur
1356 3956 1501 4040 cogitans
1532 3977 1560 4018 ss

427 4063 505 4126 exiit
527 4083 546 4127 e
568 4083 628 4128 suo
651 4088 732 4152 τοτῳ
756 4060 871 4128 decimi
893 4066 981 4128 tertii
1004 4090 1112 4142 ιιιωνος,
1129 4078 1162 4131 et
1178 4065 1346 4134 adscendit
1361 4066 1404 4132 ad
1419 4066 1502 4132 dun-

511 4209 560 4269 12.
582 4232 669 4272 suum
690 4213 809 4291 (eorum
830 4215 880 4290 P.)
937 4209 987 4275 17.
1009 4213 1146 4288 ανὸατης
1171 4219 1221 4296 (ut
1241 4216 1318 4278 infra
1342 4238 1410 4301 pag.
1436 4237 1500 4298 seq.

423 4306 475 4384 P.)
537 4307 588 4369 31.
613 4311 765 4373 adscendit
786 4313 856 4391 (ivit
876 4314 924 4391 P.)
