3240 5328
541 541 545 550 ,
621 474 685 540 241

120 651 274 738 lupanar
291 677 441 744 τιμαρησῃ
464 673 540 718 eum
563 652 643 720 alios
671 653 824 722 undecim
853 676 965 721 annos.
1009 657 1091 722 Post
1111 659 1192 724 haec

120 767 260 834 educent
281 789 358 833 eum
380 769 415 830 in
437 767 605 854 caliginem
621 780 789 835 externam
810 791 916 856 usque
940 770 982 834 ad
1006 768 1100 848 diem,
1125 794 1191 857 quo

119 905 259 964 κρινουσιν
285 902 442 966 magnum
471 906 607 966 αρχοντα
637 904 713 946 cum
741 882 823 948 faeie
850 880 1019 971 dpaxcrtre,
1048 888 1104 970 qui
1133 887 1193 950 cir·
1231 881 1306 956 386

121 992 255 1056 cumdat
276 993 458 1080 caliginem
487 1007 520 1060 et
538 991 634 1082 ψυχη
656 995 713 1058 illa
735 999 796 1061 erit
930 1046 938 1074 ,
963 1010 1192 1080 ανωλισκομενη,

79 1125 91 1162 s
121 1120 160 1168 ut
185 1106 390 1171 dissolvatur.
437 1107 527 1172 llaec
558 1121 607 1173 est
635 1134 726 1192 κρισις
754 1110 894 1176 hominis
928 1110 1193 1199 blasphemantis.

118 1219 208 1283 Dixit
229 1219 515 1286 Bartholomaeus:
544 1223 669 1288 homini
696 1223 916 1290 concubitanti
946 1247 1021 1290 cum
1047 1225 1193 1290 masculo

121 1354 283 1417 quaenam
312 1347 361 1398 cst
388 1335 535 1418 erpone?
586 1337 676 1400 Dixit
705 1335 793 1402 lesus
821 1339 946 1404 homini
974 1338 1194 1404 concubitanti

122 1467 196 1508 cum
219 1445 365 1509 masculo
389 1458 423 1509 et
443 1447 568 1510 homini
591 1448 810 1512 concubitanti
833 1473 909 1514 cum
927 1455 990 1516 isto
1013 1452 1129 1518 eadem
1144 1464 1195 1518 est

121 1581 275 1623 mensura
299 1562 381 1623 sicut
402 1559 527 1624 homini
552 1559 800 1647 blasphemanti.
847 1561 960 1644 Quum
981 1576 1113 1651 tempus
1136 1565 1193 1628 ah-

69 1692 95 1732 rc
122 1673 274 1736 solutum*
292 1676 333 1737 sit
354 1682 485 1762 opopa,
508 1676 673 1738 venientes
697 1675 739 1738 ad
762 1697 878 1740 eorum
897 1674 1008 1763 ψυχην
1027 1689 1194 1763 παραλημ-

23 1837 25 1858 ,
121 1813 194 1852 ater
217 1785 436 1864 laldahaothi,
463 1801 503 1851 ut
524 1812 671 1878 τιμωρησῃ
698 1811 753 1852 eas
783 1811 858 1852 cum
887 1792 953 1853 suis
982 1789 1196 1876 quadraginta

23 1941 24 1976 3
121 1923 242 1965 novem
265 1900 422 1984 demorare
444 1899 597 1965 undecim
620 1923 732 1966 annos.
770 1901 850 1966 Post
871 1903 953 1967 haec
973 1902 1145 1968 educentes
1161 1906 1195 1968 in

23 2053 25 2090 :
121 2013 258 2077 flumina
278 2013 361 2078 furni
389 2027 422 2078 et
441 2013 602 2083 deterres
623 2018 701 2101 picis
723 2013 921 2094 ebullientis,
944 2016 1056 2104 plenas
1073 2015 1196 2103 despera

23 2193 25 2204 ,
124 2149 199 2190 cum
221 2128 303 2191 facie
327 2149 492 2213 aprorum,
517 2129 689 2193 comedent
709 2132 797 2193 intus
820 2132 855 2193 in
878 2152 948 2206 eas,
971 2143 1011 2194 ut

23 2293 24 2298 ,
70 2261 96 2299 rs
125 2263 179 2304 eas
202 2243 236 2303 in
259 2240 446 2305 fluminibus
469 2240 551 2304 lumi
575 2242 654 2305 alios
683 2241 834 2306 undecim
857 2265 969 2307 annos.
1013 2243 1094 2308 Post
1115 2243 1195 2308 haec

24 2429 27 2434 Ι
123 2353 262 2417 educent
285 2357 396 2418 casin
419 2354 586 2439 caliginem
610 2367 778 2418 externam
807 2377 912 2442 usque
937 2355 978 2419 ad
1002 2355 1088 2422 diem
1110 2354 1194 2421 iudi-

23 2545 26 2552 ,
122 2470 170 2543 cii,
194 2489 259 2554 quo
284 2493 408 2550 κρινουσι
431 2489 583 2552 magnam
607 2467 788 2554 caliginem,
812 2467 1041 2544 dissolventur,
1063 2479 1102 2531 ut
1121 2477 1243 2555 per-lc

23 2635 25 2666 ,
123 2594 207 2645 eant
244 2581 334 2644 Dixit
349 2580 510 2644 Thomas:
535 2581 729 2657 audivimus,
754 2604 824 2646 esse
846 2581 1022 2646 nonnullos
1040 2584 1075 2645 in
1096 2594 1195 2658 terra,

124 2697 181 2778 qui
204 2708 367 2757 sumentes
390 2719 514 2777 σπερμα
535 2697 634 2758 maris
655 2707 688 2758 et
702 2709 908 2758 menstruum
924 2694 1063 2760 feminae
1078 2693 1196 2760 indant

23 2861 26 2896 ;
71 2828 97 2868 to
125 2829 163 2871 ea
192 2809 227 2868 in
256 2807 358 2872 lentes
382 2806 423 2870 ad
446 2805 625 2881 edendum,
654 2805 812 2870 dicentes:
843 2832 1017 2888 πιστευομεν
1044 2811 1079 2870 in
1106 2808 1197 2873 Esau
1234 2805 1309 2883 387

124 2934 157 2984 et
178 2918 349 2996 Iacobum,
377 2943 457 2984 num
482 2920 560 3006 quid
584 2941 667 3006 opus
692 2933 755 2995 est,
779 2918 870 3004 quod
896 2917 1022 2993 deceat,
1051 2940 1111 2984 nec
1134 2919 1195 2984 nc?

23 3097 25 3126 ι
121 3034 212 3098 lesus
242 3032 274 3099 de
301 3038 405 3098 iratus
437 3047 486 3098 est
513 3060 620 3119 κοσμῳ
654 3033 738 3097 hora
771 3031 828 3096 illa
858 3043 891 3096 et
922 3030 1002 3096 dixit
1032 3032 1196 3099 Thomas:

23 3219 24 3222 Ἴ
123 3153 220 3229 ἀμην,
249 3148 336 3223 dico,
365 3146 504 3234 quodvis
527 3159 697 3235 peccatum
725 3160 757 3210 et
780 3172 904 3227 ανομιαν
928 3149 1076 3231 quamvis
1100 3168 1196 3232 supe-

23 3319 25 3355 3
122 3285 196 3326 rare
219 3263 281 3324 hoc
303 3275 483 3348 peccatum.
528 3261 598 3324 Hos
621 3259 846 3324 huiuscemodi
871 3257 1011 3324 educent
1031 3263 1066 3324 in
1088 3261 1196 3346 caligi-

23 3435 25 3467 ζ
70 3397 95 3438 n
123 3398 198 3439 nem
223 3389 401 3451 externam,
425 3372 491 3440 code
513 3377 680 3438 remittent
699 3376 804 3437 cosin
820 3382 954 3460 sparpar
969 3376 1097 3450 iterum,
1121 3374 1194 3441 αλλ’

23 3549 25 3580 a
124 3501 221 3553 erunt
243 3503 450 3557 αναλισκοντες
474 3509 545 3563 eos,
567 3500 606 3550 ut
627 3500 763 3574 pereant
784 3467 819 3551 ln
842 3486 975 3573 caligine
998 3501 1140 3564 externa,
1162 3490 1197 3552 in

23 3669 24 3694 ξ
122 3603 212 3679 loco,
234 3602 291 3666 uhi
314 3623 422 3687 neque
444 3600 665 3665 misericordia
687 3623 793 3686 neque
817 3600 906 3690 (code)
929 3602 999 3679 lux,
1027 3614 1117 3669 αλλω
1139 3602 1196 3669 flc-

23 3781 24 3790 ,
122 3729 177 3778 tus
201 3729 251 3778 est
274 3727 307 3779 et
330 3715 449 3779 stridor
473 3715 619 3779 dentium
646 3728 704 3780 est.
748 3714 794 3780 Et
814 3713 926 3802 ψυχωι
956 3739 1085 3790 omnes,
1114 3737 1195 3799 ques

23 3895 24 3902 ,
125 3826 246 3892 ducent
267 3831 301 3890 in
323 3829 491 3915 caliginem
514 3841 697 3900 externam,
724 3826 812 3889 hand
834 3830 1045 3890 remittuntur
1067 3829 1196 3903 iterum,

71 3964 97 4004 cr
125 3955 216 4007 αλλω
247 3941 412 4028 peribunt,
447 3954 486 4004 ut
520 3939 748 4004 dissolvantur.
805 3937 986 4026 Respondit
1020 3936 1195 4002 lohannes:

123 4057 240 4132 homo,
270 4060 325 4140 qui
354 4055 444 4121 haud
467 4057 628 4119 commisit
649 4065 835 4141 peccatum,
865 4066 954 4119 αλλσ,
978 4051 1054 4116 feeit
1082 4051 1196 4137 apodes

23 4231 25 4244 ,
124 4182 322 4246 constanter,
343 4169 434 4234 haud
455 4172 577 4257 reperit
598 4167 629 4236 de
648 4195 807 4256 perrupto,
830 4179 869 4230 ut
889 4179 1071 4253 praestaret
1085 4191 1196 4254 αρχον-

1226 3911 1256 3954 ⁶1¹.

208 4395 236 4456 4.
251 4397 288 4458 cl.
305 4409 375 4459 nota
390 4397 424 4458 ad
439 4419 468 4478 p·
481 4396 542 4457 163
556 4395 635 4457 tto.
654 4396 687 4455 P.
729 4395 778 4455 32.
800 4419 938 4481 pompm
952 4394 1028 4475 (add.
1042 4397 1134 4473 „tua”
1148 4396 1197 4472 Ρ.)

711 4521 713 4526 ’
968 4529 994 4604 ίΙ
