3254 5340
943 481 1009 550 112

440 691 494 732 vna
516 661 634 740 verba,
658 681 742 749 quae
766 657 883 726 dixisti.
926 659 1020 726 Nunc
1042 662 1141 749 igitur
1174 671 1280 727 κελωι
1305 659 1402 737 mihi,
1432 679 1515 750 pro-

440 777 545 843 feram
576 799 692 842 eorum
722 775 917 840 solutionem
951 779 986 838 in
1021 777 1180 865 παρῥησιφ.
1237 773 1452 862 Respondens
1484 774 1516 842 dt

440 895 585 980 primum
607 916 764 973 μυστνρων
787 888 869 952 dixit
895 889 1055 954 Marthae:
1079 904 1193 955 κελευω
1215 888 1287 964 tibi,
1311 889 1454 964 Martha,
1479 902 1516 952 ut

440 1005 590 1093 proferas
614 1003 810 1068 solutionem
831 1001 1024 1078 verborum,
1059 1025 1143 1087 quae
1172 1002 1253 1066 dixit
1275 1011 1373 1087 copta
1395 1005 1430 1066 in
1455 1025 1514 1066 suo

439 1126 535 1205 ύμνῳ.
587 1116 801 1203 Respondens
831 1113 862 1182 de
893 1115 1021 1180 Martha
1051 1114 1144 1180 dixit:
1180 1119 1226 1179 mi
1255 1115 1414 1191 domine,
1433 1115 1514 1180 haec
1547 1140 1558 1178 s

441 1245 518 1297 sunt
539 1231 656 1307 verba,
687 1252 771 1316 quae
794 1243 852 1293 tua
874 1232 923 1292 vis
946 1229 1076 1294 luminis
1105 1240 1319 1317 captonnaco
1349 1229 1429 1293 olim
1457 1253 1515 1318 per

439 1346 601 1410 Davidem
635 1347 669 1406 in
702 1347 840 1428 septimo
872 1343 1020 1407 Psalmo:
1058 1343 1164 1420 „deus
1195 1368 1290 1426 κριτης
1324 1365 1424 1408 verus
1455 1357 1513 1420 est,

440 1457 548 1534 fortis,
578 1459 787 1544 longanimis,
816 1456 906 1520 baud
934 1457 1098 1521 adducens
1128 1479 1222 1522 suam
1251 1483 1335 1541 οργην
1359 1457 1513 1543 quotidie,

441 1572 558 1660 quodsi
580 1571 670 1635 baud
694 1573 842 1636 conversi
864 1569 1000 1646 fueritis,
1025 1585 1120 1635 acuet
1143 1593 1239 1635 suum
1260 1570 1419 1658 gladium,
1443 1585 1514 1636 ten·

440 1685 497 1751 det
519 1708 616 1750 suum
640 1707 761 1759 arcum,
784 1683 914 1772 parabit
936 1707 1026 1760 eum,
1049 1684 1179 1771 parabit
1200 1687 1234 1748 in
1258 1707 1297 1750 eo
1317 1711 1407 1757 σκευη
1424 1709 1513 1750 mor-
1537 1709 1558 1750 n

439 1804 491 1865 tis.
536 1799 678 1886 Sagittas
710 1820 784 1862 suas
808 1797 950 1862 reddidit
980 1797 1208 1862 combusturas
1239 1819 1304 1862 eos.
1349 1798 1434 1863 Eece
1466 1803 1515 1863 in·

440 1916 563 1980 iustitia
579 1935 734 2002 perpessa
750 1926 799 1976 est
811 1912 1170 2000 dolores-parturientis,
1195 1915 1342 2000 concepit
1354 1912 1515 1990 dolorem,

437 2031 567 2117 peperit
594 2049 734 2108 ανομιωνς
765 2026 850 2090 fodit
878 2025 1024 2101 foveam,
1059 2029 1230 2090 excavavit
1259 2047 1348 2104 eam3
1383 2026 1517 2092 labetur

439 2143 474 2204 in
497 2141 639 2214 foveam,
664 2162 765 2226 quam
788 2139 879 2216 fecit3
905 2161 982 2203 suus
1007 2139 1102 2203 dolor
1123 2153 1231 2204 vertet
1252 2163 1287 2204 se
1309 2142 1343 2202 in
1366 2143 1437 2205 eius
1463 2164 1515 2205 ca·

438 2267 513 2340 put,
538 2267 571 2316 et
593 2275 652 2316 sua
674 2255 831 2316 iniustitia
846 2256 956 2316 veniet
973 2257 1006 2316 in
1021 2253 1166 2318 medium
1182 2256 1250 2316 cius
1267 2255 1391 2341 caput.”
1422 2255 1514 2320 Haec
1538 2277 1557 2316 n

439 2365 471 2434 de
495 2388 598 2453 quum
619 2366 731 2428 locuta
754 2379 840 2429 esset
861 2365 1001 2441 Martha,
1027 2366 1107 2431 dixit
1129 2370 1157 2431 ei
1179 2371 1323 2455 primum
1344 2395 1514 2458 pompm,

437 2483 653 2571 prospiciens,
677 2507 761 2563 ευγε,
780 2496 897 2556 aanor,
920 2480 1061 2556 Martha,
1085 2507 1235 2562 praeapte.

527 2594 664 2657 Factum
686 2595 785 2679 igitur
808 2606 872 2670 cst,
908 2617 1012 2680 quum
1039 2594 1129 2659 lesus
1157 2593 1281 2660 finisset
1310 2594 1418 2660 dicere
1448 2601 1514 2662 suis

437 2694 586 2792 painters
615 2706 762 2771 facinora
792 2709 919 2782 omnia,
958 2731 1041 2794 quac
1072 2709 1160 2773 facta
1191 2723 1268 2773 sunt
1296 2737 1391 2774 turm
1414 2723 1515 2794 aspra

327 2827 399 2904 176
437 2824 581 2885 versanti
603 2823 638 2884 in
661 2821 751 2896 cbao,
776 2835 809 2886 et
830 2821 976 2898 modum,
1001 2845 1067 2908 quo
1090 2825 1220 2905 ὑμνευσε
1243 2845 1372 2887 sursum
1395 2823 1439 2888 ad
1463 2826 1513 2889 lu·
1535 2847 1557 2886 a

437 2957 523 3011 men,
546 2957 650 3020 usque
675 2934 763 3010 dum,
787 2951 995 3000 servaturum
1018 2959 1105 3013 cam,
1129 2936 1282 3001 educeret
1305 2959 1322 3001 e
1346 2938 1441 3015 cbao,
1467 2943 1513 3003 in·

438 3048 572 3113 duceret
593 3052 627 3112 in
651 3048 881 3114 duodecimum
905 3077 1014 3127 orosa,
1044 3065 1143 3137 atque
1166 3050 1318 3126 modum,
1350 3075 1418 3136 quo
1446 3077 1513 3118 ser·

436 3167 528 3228 vavit
551 3185 624 3226 eam
645 3167 681 3228 in
704 3167 769 3227 suis
793 3163 1056 3228 afflictationibus
1080 3165 1247 3239 omnibus,
1278 3165 1397 3252 quibus
1428 3167 1513 3230 affii-

435 3290 555 3341 xerunt
577 3299 650 3340 eam
674 3303 810 3357 αρχοντιι
833 3278 1005 3354 chaorum,
1032 3292 1208 3366 propterea
1232 3279 1321 3365 qnod
1343 3281 1515 3362 ιπεθυμησε

435 3394 547 3454 venire
571 3390 613 3454 ad
635 3390 760 3466 lumen,
789 3412 927 3478 pergens
951 3391 1056 3455 adbuc
1084 3395 1118 3455 in
1142 3415 1291 3458 sermone
1313 3393 1404 3458 lesus
1429 3393 1513 3459 dixit
1534 3415 1552 3454 s

437 3505 503 3564 suis
526 3504 688 3582 μαθητιιςτ
712 3502 836 3566 factum
859 3508 957 3591 igittu
981 3519 1030 3570 est
1052 3506 1230 3592 posthaec
1254 3509 1377 3583 omnia,
1403 3508 1512 3574 serens

435 3638 531 3677 πιστιν
555 3623 667 3696 σοφιαν
696 3614 861 3679 introduxi
894 3639 967 3681 cam
996 3622 1030 3682 in
1061 3617 1221 3683 decimum
1251 3624 1386 3685 tertium
1417 3651 1513 3689 arana

437 3728 577 3790 existens
604 3726 715 3791 lumen
739 3750 839 3812 quarn
867 3735 1009 3796 maxime
1034 3771 1071 3782 -
1098 3733 1208 3797 nullus
1236 3733 1355 3798 modus
1384 3735 1511 3814 lumini,

437 3840 527 3928 quod
542 3854 613 3905 erat
627 3841 705 3904 mibi
724 3879 761 3892 -
779 3845 889 3908 introii
912 3847 947 3908 in
968 3871 1055 3911 τοπον
1076 3849 1219 3911 vicesimi
1238 3851 1346 3933 quarti
1369 3877 1511 3934 caparra,

435 3958 575 4022 existens
597 3956 709 4020 lumen
732 3978 832 4043 quam
854 3963 1008 4037 maxime,
1032 3973 1065 4024 et
1086 3960 1269 4047 perturbati
1290 3985 1411 4049 magna
1433 3987 1511 4051 per-
1534 3985 1556 4024 a

434 4069 622 4136 turbatione
650 4073 760 4136 intuiti
794 4071 949 4139 viderunt
983 4083 1110 4163 copam,
1146 4097 1231 4161 quae
1264 4089 1336 4141 crat
1367 4099 1513 4156 mecum,

516 4309 547 4369 9.
569 4311 673 4374 tendet
693 4315 838 4390 (tetendit
857 4317 906 4394 P.)
948 4317 999 4378 10.
1021 4317 1136 4398 parabit
1157 4339 1241 4398 eum,
1268 4319 1383 4400 parabit
1409 4323 1513 4404 (para-

433 4405 480 4472 vit
500 4427 583 4487 eum,
607 4412 721 4489 paravit
740 4413 791 4493 P.)
