3240 5328
513 471 691 540 ’189

119 653 319 745 separabunt
339 655 374 718 in
397 649 487 718 aliud
509 677 605 738 μιροι.
647 659 810 736 Μυστηριον
833 675 966 742 quoque
981 655 1197 740 βιπισματος

117 782 230 836 munst
251 773 285 833 in
307 767 423 832 mediis
445 769 610 853 utrisque,
632 779 672 830 ut
694 780 882 833 constanter
904 783 1033 857 separet
1056 793 1094 834 sa
1117 795 1137 835 n
1160 793 1195 838 se

116 887 266 960 invitem,
290 897 329 947 ut
349 884 524 970 purgantis
546 880 742 957 καθωρισωσιν
765 903 818 958 eu,
841 896 878 945 ut
893 905 934 946 ne
949 886 1196 970 inquinarentur
1230 903 1260 952 κ

117 1002 188 1090 ὕλῃ.
239 997 332 1062 Nunu
354 999 454 1082 igitur
477 1022 535 1071 suu,
563 995 681 1071 Maria,
711 995 762 1058 hic
787 1009 836 1060 est
857 995 991 1073 modus,
1023 1019 1089 1083 quo
1111 1027 1195 1080 μυσ-

77 1139 92 1177 s
119 1139 205 1196 τηρια
230 1111 453 1191 [insumatur
482 1111 655 1172 remittunt
684 1123 816 1196 peccatu
851 1122 884 1174 et
919 1139 1045 1191 ωνομιας
1073 1135 1196 1180 omnes.

119 1228 209 1292 Haec
231 1228 329 1312 igitur
345 1246 448 1310 quum
470 1223 600 1288 loeutus
619 1235 705 1286 esset
720 1249 823 1304 σωτηρ,
845 1221 926 1287 dixit
946 1226 1012 1288 suis
1035 1227 1196 1302 μωόητωιςι
1235 1221 1306 1292 301

120 1367 221 1414 sonans,
245 1337 412 1426 quomodo
428 1337 547 1423 loquar
562 1335 752 1401 vobiscum?
789 1337 965 1424 Progressa
983 1339 1084 1402 Muris
1101 1338 1195 1404 dixit:

120 1456 248 1540 utique,
262 1454 307 1516 mi
324 1450 462 1527 domine,
484 1454 518 1514 in
533 1453 672 1516 veritate
688 1451 844 1536 ακριβαζω
859 1450 959 1515 verbs
972 1455 1090 1530 omnin,
1113 1475 1197 1540 quse

123 1565 240 1632 dixisti.
285 1565 335 1630 De
357 1563 459 1630 verbu
484 1592 532 1630 ιυν
551 1565 749 1628 remissionis
772 1579 981 1651 peccatorum
1006 1566 1113 1630 dixisti
1136 1590 1195 1632 no·

68 1704 96 1746 ιο
121 1681 172 1746 bis
196 1681 274 1746 olim
296 1681 330 1743 in
353 1679 518 1768 παραβαλῃ
542 1677 666 1742 diuensz
693 1680 769 1742 veni
796 1677 837 1742 ad
860 1678 1065 1744 iniiciendum
1089 1683 1197 1766 ignem

120 1800 155 1860 in
177 1809 309 1871 terrum,
333 1805 431 1878 utque
453 1794 560 1867 etism,
585 1814 685 1877 quam
699 1790 807 1866 veiim,
830 1791 958 1870 ardeat,
982 1807 1080 1880 utque
1098 1798 1197 1860 etism

121 1909 302 1997 explicuisti
327 1917 459 1993 φαινερωι
483 1905 606 1970 dicens:
634 1918 684 1970 est
706 1905 784 1970 mihi
807 1907 988 1988 βαπτισμω,
1022 1931 1087 1994 quo
1111 1912 1197 1980 dux·

120 2051 209 2098 τισω,
241 2035 275 2086 et
304 2019 471 2105 quomodo
501 2017 606 2108 ανιξω,
637 2019 740 2084 donec
769 2020 953 2108 impleatur.
992 2020 1197 2109 opinamini,

123 2158 176 2202 me
200 2136 328 2200 venisse
352 2132 393 2196 nd
415 2133 619 2196 iniiciendam
643 2161 746 2216 sspnunv
761 2136 795 2197 in
811 2135 953 2198 ternam?
989 2137 1196 2222 Neutiquam,

70 2275 97 2316 ss
125 2263 217 2318 αλλα.
245 2245 430 2320 dissidium,
461 2246 551 2332 quod
578 2246 619 2311 nd
647 2247 890 2312 immittendum
919 2251 1003 2314 veni.
1047 2251 1125 2314 lude
1156 2249 1197 2314 ab

122 2365 186 2428 hoe
209 2375 358 2448 tempore
381 2388 441 2446 γαρ
465 2363 608 2446 quinque
638 2374 735 2425 erunt
761 2365 795 2426 in
819 2362 917 2428 domo
941 2386 1022 2441 uns3
1055 2378 1119 2429 tres
1149 2387 1198 2430 se·

120 2476 328 2567 parabuntur
357 2488 471 2538 contra
501 2474 583 2539 duos
613 2488 647 2540 et
676 2475 741 2540 dun
771 2490 885 2540 eontra
914 2491 990 2542 tres.
1039 2477 1126 2554 Hoc,
1154 2482 1199 2542 mi

123 2593 269 2665 domine,
296 2602 347 2655 est
367 2587 521 2666 verbum,
550 2589 639 2675 quod
663 2589 771 2654 dixisti
795 2603 934 2676 φανερως.
966 2590 1111 2656 Verbum
1134 2619 1198 2672 μιν,

125 2704 215 2791 quod
244 2703 365 2768 dixisti:
395 2706 470 2769 veni
499 2703 543 2768 ad
570 2703 778 2768 iniiciendum
808 2708 916 2791 ignem
944 2708 1137 2783 interram,
1167 2718 1200 2770 et

70 2845 98 2884 ss
127 2841 228 2905 qum
249 2817 356 2893 velim,
379 2817 506 2893 ardent,
531 2817 621 2903 quod
642 2818 713 2892 hou,
737 2821 781 2881 mi
803 2817 947 2882 domine:
972 2818 1092 2883 duxisti
1116 2846 1199 2898 μυσ·

124 2960 208 3014 nuptu
230 2931 450 3012 βαπτισματων
472 2934 507 2995 in
529 2959 656 3012 κοσμον,
689 2945 722 2995 et
745 2953 844 3017 quum
873 2935 937 3006 vis,
968 2931 1103 2996 devoret
1124 2953 1199 3019 pet·
1247 2917 1278 2982 ³<

125 3059 200 3112 tata
223 3047 331 3109 omnia
353 3043 478 3130 ψυχης,
505 3059 546 3109 ut
566 3043 708 3135 καθαρισῃ
733 3067 785 3122 ea3
820 3059 919 3130 atque
943 3049 1040 3110 etiam
1063 3045 1199 3132 posthac

125 3159 307 3248 explicuisti
334 3158 368 3223 id
400 3169 531 3244 φανερωι
562 3157 686 3224 dicens:
724 3173 774 3223 est
807 3160 886 3223 mihi
918 3159 1102 3234 finarum,
1133 3181 1199 3244 quo

125 3275 284 3353 βαπτισω,
315 3286 348 3336 et
370 3270 536 3358 quomodo
561 3270 667 3350 ανεὲω,
699 3271 749 3342 ἕως
776 3296 879 3359 usque
909 3272 989 3338 dum
1015 3273 1198 3360 impleatur,
1238 3267 1313 3340 302

72 3413 99 3454 ss
128 3386 219 3475 quud
241 3387 303 3454 hou
327 3399 388 3450 est:
418 3409 485 3450 non
514 3385 660 3451 manebis
690 3390 725 3450 in
753 3413 874 3472 κοσμῳ,
906 3385 956 3455 ἕως
984 3409 1089 3473 usque
1121 3386 1201 3452 dum

124 3503 335 3582 βαπτισματα.
357 3499 576 3588 perficiantur,
604 3513 642 3563 ut
663 3501 842 3578 καθωρισωσι
861 3499 977 3586 ψυχας
996 3517 1123 3578 settene,
1151 3515 1200 3566 nt·

125 3639 190 3703 que
214 3619 312 3680 etium
336 3612 490 3689 verbum,
521 3612 611 3708 quod
635 3612 742 3679 dixisti
772 3614 867 3679 nobis
891 3616 983 3680 oiim:
1015 3619 1200 3704 opinamini,

13 3767 15 3770 ·
124 3734 252 3796 venisse
275 3751 329 3792 me
354 3727 396 3792 ad
418 3726 624 3791 iniieiendnm
647 3755 748 3808 ειρηνην
771 3731 805 3792 ἰιι
827 3731 970 3794 terram?
1000 3733 1201 3815 neutiquam,

128 3853 218 3906 αλλα
234 3841 403 3905 dissidium
427 3854 491 3917 est,
509 3840 556 3905 -ad
573 3841 662 3928 quod
685 3841 891 3904 iniiciendum
910 3843 999 3918 veni;
1022 3842 1112 3926 quod
1128 3840 1201 3905 inde

74 3979 101 4021 sn
129 3952 172 4018 sb
194 3952 257 4016 hot
278 3966 427 4039 tempore
449 3980 510 4039 γαρ
541 3957 686 4040 quinque
715 3966 811 4016 erunt
838 3955 873 4015 in
902 3952 1001 4016 domo
1025 3975 1106 4028 uns,
1136 3967 1202 4018 tres

128 4062 370 4156 separabuntur
393 4080 505 4131 eontra
529 4066 622 4141 duos,
646 4080 679 4131 et
702 4066 768 4130 duo
792 4077 906 4128 contra
928 4080 1004 4142 tues,
1029 4065 1118 4151 quod
1141 4064 1203 4130 hot

127 4193 191 4248 est:
217 4204 374 4266 μυστηριιν
392 4179 624 4267 flanimeum,
654 4179 743 4268 quod
767 4178 887 4243 duxisti
908 4180 1086 4286 infusum,
1114 4177 1205 4267 quod

210 4311 241 4374 6.
263 4323 295 4374 et
309 4315 412 4394 <atque
427 4317 515 4378 etism
531 4317 580 4397 Ρ.)
623 4317 673 4378 15.
697 4313 870 4392 dissiduum,
892 4314 973 4395 quod
987 4314 1022 4376 sd
1035 4315 1203 4396 (dissidium

128 4424 186 4494 est,
208 4411 243 4475 sd
265 4413 344 4495 quud
364 4414 414 4495 Ρ.)
