3254 5340
640 481 707 546 113

133 671 360 748 cognoverunt
382 677 472 736 eam,
500 677 554 723 me
571 653 610 725 δι
623 656 721 724 laud
745 678 941 746 cognovere,
965 663 1209 751 quisnamega

133 777 205 842 αλλ’
222 773 389 838 habebant
411 793 465 837 me
481 775 565 838 sicut
579 773 728 856 προβολην
743 775 884 861 regionis
900 775 1041 840 luminis.
1071 777 1210 844 Factum

130 893 317 977 igiturest,
342 911 445 974 quum
468 895 566 974 σοφιαι
588 886 716 952 videret
738 908 815 952 suos
839 892 944 954 socios
969 915 1125 974 anparere,
1153 914 1208 979 ga·

131 1007 202 1068 visa
224 1025 342 1089 magno
367 1000 487 1088 gaudio
512 1013 545 1064 et
565 1002 688 1065 laetata
710 1005 867 1080 maxime,
895 1003 1002 1068 voluit
1024 1019 1210 1071 monstrare

87 1141 99 1180 s
127 1121 165 1182 iis
188 1117 361 1193 miracula,
390 1137 476 1202 quae
499 1114 562 1179 feci
585 1114 625 1180 dc
649 1138 689 1179 ea
710 1115 797 1180 infra
818 1119 853 1179 in
874 1129 964 1182 terra
986 1118 1207 1202 humanitatis,

130 1239 236 1318 nsque
252 1229 327 1321 (ἕωι)
351 1229 432 1294 dum
453 1228 662 1294 liberaverim
685 1251 768 1294 eam.
801 1229 1010 1296 Adscendens
1033 1236 1068 1296 in
1082 1233 1208 1298 medios

133 1371 276 1429 αορωτους
303 1348 433 1426 dassen
455 1344 534 1413 mihi
562 1345 596 1407 in
623 1333 732 1407 medio
757 1364 873 1408 eorum
896 1343 1018 1410 dicens:
1046 1347 1208 1422 „manile
1250 1336 1324 1416 177

134 1458 228 1523 stabo
251 1458 324 1534 tibi,
352 1457 477 1534 lumen,
506 1456 596 1543 quod
618 1469 656 1521 tu
685 1460 741 1543 (sc.
764 1457 810 1541 es)
834 1485 943 1543 sweep,
973 1473 1072 1545 atque
1095 1475 1134 1524 tu
1155 1484 1207 1526 re·

134 1571 263 1637 demtor
286 1574 555 1658 omnitempore.
583 1571 714 1635 'Dicam
737 1571 824 1648 hunc
846 1576 937 1657 ὑμνον
959 1573 1088 1650 lumini,
1118 1574 1209 1660 quod

81 1711 106 1752 rc
132 1688 276 1768 servavit
297 1707 351 1749 me
375 1699 408 1749 et
429 1685 581 1750 liberavit
602 1707 656 1748 me
685 1708 705 1748 a
727 1707 829 1749 manu
856 1712 1019 1770 αρχοντων,
1055 1710 1208 1753 meorum

129 1787 346 1876 inimicorum,
370 1813 402 1864 et
424 1799 571 1868 liberasti
593 1821 647 1864 me
669 1802 703 1862 in
724 1824 821 1869 mm
845 1799 1011 1874 omnibus,
1035 1814 1068 1864 et
1088 1800 1206 1866 libera·

132 1917 172 1978 sti
201 1937 254 1978 me
276 1917 312 1978 in
341 1913 512 1978 altitudine
542 1935 602 1978 nec
632 1916 667 1976 in
695 1912 879 1977 humilitate
909 1913 1080 1989 chnorum,
1112 1928 1146 1978 et
1172 1918 1208 1980 in

132 2053 233 2094 ιιιωσιν
252 2054 401 2110 umectata
421 2037 570 2115 σφωιρας,
595 2041 629 2090 et
651 2049 755 2114 quum
776 2030 938 2092 venissem
956 2050 1002 2106 ,cx
1025 2028 1206 2106 altitudine,

133 2145 238 2206 erravi
260 2144 295 2205 in
315 2167 426 2217 τοποις,
455 2139 633 2228 inquibus
662 2141 790 2204 nullum
818 2141 939 2205 lumen.
985 2141 1083 2206 Haud
1112 2145 1206 2230 potui

79 2279 105 2320 rs
134 2268 322 2321 convertere
340 2277 397 2320 me
419 2259 453 2319 in
476 2255 640 2334 decimum
662 2258 797 2320 tertium
820 2282 921 2331 arare,
945 2278 1056 2321 meum
1074 2257 1205 2333 ¹habita·

131 2370 250 2447 culum,
275 2369 365 2456 quod
387 2370 516 2452 nullum
538 2370 651 2434 lumen
672 2373 706 2433 in
729 2391 791 2446 me,
815 2391 920 2455 neque
937 2371 1026 2456 (aare)
1041 2374 1108 2450 vis3
1131 2395 1207 2438 mea

128 2478 177 2549 vis
202 2484 321 2548 afflicta
345 2497 395 2549 est
417 2487 557 2572 penitus.
602 2484 647 2549 Et
668 2485 781 2549 lumen
811 2486 954 2548 servavit
979 2504 1034 2550 me
1061 2489 1096 2548 in
1124 2490 1204 2550 meis

127 2596 266 2683 θλιψεσιν
296 2598 466 2676 omnibus3
496 2602 634 2681 ὑμνευᾳω
666 2597 708 2662 ad
737 2611 788 2674 te,
825 2599 953 2674 lumen,
988 2599 1113 2664 audivit
1142 2623 1204 2677 me,

130 2733 234 2797 quum
256 2710 418 2788 εθλιβησαν
440 2735 509 2790 me,
528 2712 687 2776 indicavit
708 2713 787 2790 mihi
809 2715 899 2776 viam
921 2715 954 2776 in
976 2717 1137 2778 creatione
1161 2715 1204 2802 (h.

74 2851 102 2892 se
128 2827 165 2888 in
187 2825 274 2889 loco:
304 2825 447 2912 regione)
477 2855 593 2903 αιωνων,
624 2841 663 2890 ut
691 2825 869 2890 adduceret
894 2848 947 2889 me
977 2829 1011 2890 in
1042 2827 1206 2893 decimum

127 2942 264 3004 tertium
288 2965 396 3017 arara,
418 2962 526 3005 meum
548 2940 780 3005 habitaculum.
817 2938 1033 3004 Manifestaho
1057 2941 1130 3016 tibi,
1153 2941 1204 3004 lu·

126 3071 219 3130 men,'
250 3053 340 3139 quod
363 3059 498 3118 servasti
521 3077 588 3132 me,
619 3068 653 3118 et
675 3068 733 3118 tua
755 3052 913 3118 miracula
934 3055 969 3115 in
991 3080 1064 3138 γενει
1087 3054 1204 3118 huma·

126 3171 248 3233 nitatis.
294 3167 407 3251 Quum
430 3169 610 3255 indigerem
633 3191 708 3233 mea
735 3171 783 3244 vi,
818 3167 934 3233 dedisti
956 3171 1025 3230 vim
1046 3166 1139 3243 mihi,
1171 3181 1204 3231 et

128 3298 232 3367 quum
254 3282 432 3370 indigerem
454 3283 587 3360 lumine,
609 3283 785 3371 implevisti
805 3305 859 3346 me
878 3283 1001 3345 lumine
1017 3303 1111 3368 puro.
1141 3281 1202 3344 Fui

72 3421 98 3462 aa
127 3398 162 3460 in
186 3396 318 3483 caligine
342 3412 374 3462 et
401 3397 520 3472 umbra
548 3398 656 3464 chaus.
701 3397 817 3484 Ligata
845 3419 918 3461 sum
945 3396 1095 3460 vinculisv
1112 3394 1220 3468 durisv

127 3509 242 3587 chaus,
265 3513 299 3575 in
323 3535 388 3598 quo
412 3513 540 3576 nullum
562 3513 690 3590 lumen,
715 3511 805 3598 quod
828 3509 1019 3577 exacerbavi
1042 3523 1203 3575 statutum

123 3620 266 3702 lerninis,
290 3627 461 3712 παρεβησα,
485 3640 584 3712 atque
608 3624 683 3690 dedi
705 3629 787 3690 iram
808 3639 931 3691 statuto
947 3625 1087 3702 luminis,
1112 3623 1202 3711 quod

125 3743 188 3804 exii
211 3763 229 3804 e
253 3763 327 3804 meo
351 3766 442 3826 τοπῳ.
487 3740 546 3816 Et,
571 3763 674 3828 quum
699 3740 949 3816 descendissem,
976 3741 1103 3827 indigeo
1128 3761 1203 3804 mea
1244 3727 1315 3806 178

124 3855 160 3916 vi
184 3865 218 3916 et
241 3853 290 3915 sui
319 3856 386 3919 sine
415 3854 553 3932 lumine,
586 3867 619 3919 et
648 3878 745 3920 nemo
779 3855 887 3931 εβοηθει
916 3854 1011 3928 mihi,
1042 3867 1075 3916 et
1099 3873 1201 3934 quum

67 3989 96 4030 cc
126 3961 246 4041 ιθλιβον
268 3987 336 4040 me,
359 3970 495 4050 ύμνευσοι
518 3981 650 4034 sursum
673 3968 716 4033 ad
741 3969 861 4042 lumen,
886 3979 920 4030 et
942 3967 1084 4030 servavit
1106 3985 1158 4026 me
1183 3985 1201 4028 e

124 4079 207 4142 meis
232 4073 370 4165 dandene
393 4081 543 4176 amnibus
567 4097 665 4169 atque
693 4084 791 4148 etiam
820 4078 947 4144 discidit
973 4101 1049 4142 mea
1069 4076 1200 4142 vincula

210 4225 260 4284 12.
284 4247 339 4286 nec
361 4227 438 4305 (add.
462 4231 567 4306 „non”
589 4231 639 4306 P.)
697 4227 746 4288 18.
769 4227 804 4286 ad
827 4237 872 4300 te,
901 4224 1000 4285 lumen
1023 4224 1071 4303 (ad
1099 4225 1199 4287 lumen

121 4327 173 4403 P.)
222 4323 273 4386 24.
296 4324 408 4390 lumine
430 4331 557 4408 (lumine
572 4350 639 4390 meo
661 4330 710 4403 P.)
752 4327 802 4386 26.
827 4327 857 4386 in
880 4347 940 4406 quo
962 4324 1200 4414 nullumlumen

121 4425 252 4508 (lumine
274 4427 420 4491 destituta
439 4431 489 4511 P.)
536 4429 587 4492 28.
615 4429 737 4513 indigeo
763 4427 894 4512 (indigui
915 4427 966 4507 P.)

970 4532 996 4606 h
