3296 5354
953 414 974 478 6

428 617 556 675 seeum,
586 593 643 662 sed
666 597 783 680 (eata)
807 606 878 660 erat
905 593 989 660 varii
1016 591 1109 660 modi
1139 606 1173 658 et
1201 605 1273 658 erat
1293 597 1386 660 vario
1409 619 1494 680 susp,

430 713 557 799 aliquot
579 713 635 798 (so
657 707 781 795 aaaron)
804 711 1059 798 praestantiores
1081 710 1166 772 inter
1189 730 1223 773 se
1250 706 1379 772 infinito
1395 707 1497 773 modo.

428 825 539 915 Atque
562 838 633 890 erat
654 825 713 892 lux
734 837 807 890 tota
830 845 941 890 seeum
955 825 1104 888 invicem.
1149 821 1233 886 Erat
1260 821 1366 886 tribus
1389 821 1498 897 modis,

431 954 531 1028 atque
554 953 626 1007 erat
647 939 729 1004 alter
751 941 971 1028 praestantior
994 937 1114 1012 altero,
1140 935 1268 1001 infinito
1291 936 1403 1002 modo.
1447 935 1498 1000 Se·

431 1053 572 1129 eundus,
611 1056 668 1140 qui
696 1056 731 1117 in
756 1053 880 1130 medio,
918 1050 1109 1141 praestabat
1134 1053 1242 1138 primo
1280 1049 1428 1116 inferiori
1450 1051 1526 1136 (sas

430 1167 504 1236 loeo
520 1165 651 1255 posito),
675 1180 709 1233 et
730 1170 856 1244 tertius,
880 1169 1030 1254 superior
1048 1167 1118 1230 istie
1134 1163 1295 1241 omnibus,
1318 1163 1501 1253 praestabat

433 1280 576 1348 seeundo
599 1280 755 1346 inferiori.
800 1282 846 1348 Et
867 1285 993 1368 primus
1017 1279 1171 1368 splendor
1194 1281 1321 1368 positus
1345 1293 1397 1344 est
1423 1277 1501 1342 infra

430 1395 512 1463 haee
536 1398 660 1472 omnia,
685 1395 796 1462 similis
819 1396 898 1472 luci,
928 1417 1013 1482 quae
1034 1398 1126 1460 venit
1149 1416 1247 1481 super
1268 1392 1395 1470 lesum,
1418 1405 1501 1458 ante·

434 1534 535 1598 quam
569 1508 738 1576 adscendit
766 1513 801 1575 in
836 1510 940 1586 caela,
975 1523 1008 1575 et
1037 1507 1181 1595 aequalis
1217 1507 1291 1578 sibi,
1311 1521 1385 1572 erat
1413 1505 1501 1571 valde

434 1624 545 1713 quoad
565 1647 662 1691 suum
684 1625 805 1689 lumen.
842 1623 953 1710 Atque
975 1637 1042 1688 tres
1064 1623 1156 1686 modi
1178 1622 1309 1690 luminis
1333 1635 1429 1687 erant
1449 1643 1501 1685 va·
1517 1642 1535 1684 o

431 1743 500 1808 riae
522 1741 603 1806 lueis
627 1754 661 1806 et
688 1752 783 1806 erant
804 1741 897 1806 vario
927 1765 1028 1826 τυπῳ,
1064 1737 1134 1802 aliis
1165 1737 1235 1802 aliis
1266 1735 1502 1825 praestantibus

432 1855 560 1922 infinito
582 1853 694 1920 modo.

522 1969 661 2034 Factum
682 1990 763 2035 vero
786 1965 845 2050 (δε)
869 1979 931 2044 est,
958 1953 1062 2053 quum
1083 1962 1217 2051 peierat
1239 1963 1401 2030 vidissent
1421 1964 1503 2038 baec,

432 2087 617 2148 timuerunt
640 2081 738 2147 valde
767 2095 800 2147 et
826 2079 1011 2170 perturbati
1039 2093 1125 2146 sunt.
1168 2078 1257 2144 lesus
1284 2080 1386 2166 igitur
1415 2081 1502 2143 mise·

433 2197 538 2262 ricors
555 2208 588 2258 et
609 2197 680 2258 miti
704 2197 823 2270 animo,
847 2217 951 2281 quum
972 2193 1101 2260 videret
1122 2216 1200 2259 suos
1222 2192 1364 2282 pedatae
1380 2205 1502 2282 pertur·
1517 2215 1535 2254 a

378 2384 381 2392 ,
433 2308 530 2374 batos
552 2327 672 2395 magna
692 2308 954 2396 perturbatione,
983 2309 1115 2388 locutus
1144 2321 1194 2375 eet
1221 2329 1297 2374 eum
1322 2311 1362 2374 iis
1389 2307 1504 2372 dioense

436 2421 604 2500 confidite;
628 2445 688 2509 ego
712 2444 801 2500 sum;
824 2445 866 2488 ne
890 2425 1011 2488 timete.
1054 2422 1193 2488 Factum
1215 2445 1295 2488 vero
1319 2435 1385 2498 est,
1409 2441 1506 2509 quum

433 2535 568 2624 padam
591 2535 759 2601 audissent
784 2537 847 2602 hoe
868 2537 1021 2614 verbum,
1045 2537 1209 2602 dixerunt:
1244 2537 1402 2602 Domine!
1426 2538 1505 2601 situ

435 2650 573 2716 attrahis
603 2649 800 2738 (attraxeris)
833 2650 894 2716 tibi
921 2664 1015 2716 tuam
1041 2651 1149 2716 lucem
1179 2649 1423 2739 splendentem,
1450 2669 1505 2737 po·

434 2770 571 2830 terimus
596 2779 698 2842 stare3
723 2767 918 2844 sin-minus,
941 2769 1047 2832 nostri
1070 2765 1155 2830 oculi
1179 2765 1345 2830 obcaecati
1368 2778 1454 2842 sunt,
1476 2773 1538 2826 eta

434 2879 620 2969 perturbati
649 2903 772 2957 sumus,
796 2893 895 2967 atque
923 2883 1022 2946 etiam
1049 2878 1261 2968 perturbatus
1284 2905 1401 2964 κοσμος
1422 2891 1505 2944 totus

434 3015 516 3082 prae
537 3017 657 3083 magno
680 2996 818 3072 lumine,
850 2995 941 3083 quod
963 3008 1014 3061 est
1038 2993 1112 3059 tibi:
1141 3007 1217 3060 tum
1237 2999 1326 3076 (rore)
1348 2992 1442 3059 Iesus
1465 3003 1508 3055 at

434 3113 536 3174 traxit
566 3110 627 3176 sibi
654 3109 864 3198 splendorem
892 3113 943 3176 sui
969 3110 1116 3187 luminis3
1157 3131 1223 3195 quo
1260 3107 1363 3185 facto,
1398 3105 1509 3174 confisi

435 3223 569 3309 μαθηται
607 3246 720 3288 omnes
755 3237 920 3319 venerunt
952 3223 995 3288 ad
1023 3222 1148 3299 lesum,
1189 3236 1445 3310 prostraverunt
1477 3241 1508 3284 se

436 3357 551 3402 omnes
575 3337 686 3412 simul,
717 3337 891 3403 adorantes
915 3359 1004 3415 eum,
1034 3336 1211 3424 gaudentes
1237 3359 1367 3424 magno·
1381 3335 1539 3424 gaudius

436 3447 590 3518 dixerunt
613 3453 657 3514 ei:
685 3448 846 3526 Hrabbei,
876 3473 942 3536 quo
965 3451 1074 3516 ivisti?
1107 3463 1166 3519 aut
1189 3474 1350 3538 quaenam
1373 3465 1426 3516 est
1447 3450 1506 3518 dea·

435 3587 535 3638 xoma,
567 3584 634 3648 qua
654 3563 762 3627 ivisti?
793 3566 826 3651 (i.
842 3585 869 3652 e.
899 3585 998 3650 quam
1026 3562 1174 3636 dtaaoveav
1202 3565 1314 3632 abiens
1340 3563 1506 3648 subiistii),

438 3687 498 3756 aut
517 3677 559 3744 iuw
576 3698 723 3764 quonam
745 3680 777 3766 (i.
793 3699 819 3745 e.
843 3678 1056 3768 quapropter)
1081 3694 1158 3748 sunt
1171 3681 1234 3748 hae
1248 3680 1506 3771 perturbationes

436 3863 533 3926 ciebat
553 3888 670 3930 ακτινας
694 3863 815 3926 luminis
844 3887 927 3948 qnam
953 3867 1093 3944 maxime,
1126 3866 1226 3929 nullus
1252 3867 1357 3928 modus
1378 3867 1427 3945 P.)
1477 3861 1504 3924 7.

436 3965 567 4028 seeundo
582 3965 719 4028 inferiori
741 3967 804 4046 (vel
825 3968 941 4048 potins:
963 3967 1078 4030 duobus
1100 3967 1294 4028 inferioribus
1315 3968 1365 4046 P.)
1408 3969 1457 4029 10.
1478 3965 1506 4025 ἰιι

434 4075 520 4126 textu
542 4087 597 4146 per
617 4089 749 4129 errorem
770 4067 903 4129 dedimus
923 4089 1055 4146 rruoure
1070 4072 1094 4128 r’a
1111 4089 1173 4150 perr
1183 4089 1300 4128 oaoeru
1312 4091 1369 4150 pro
1379 4084 1506 4146 amomo

437 4168 684 4247 r’rpenoaoern
704 4168 739 4228 P.
782 4165 833 4230 17.
855 4190 928 4231 vero
950 4170 1058 4253 (igitur
1079 4168 1130 4246 P.)
1173 4169 1223 4230 18.
1244 4169 1301 4231 tibi
1317 4169 1504 4251 (velpotiusz

438 4263 582 4342 situas,
604 4269 716 4329 attrahe
730 4263 787 4329 tibi
808 4269 859 4345 P.)
901 4269 951 4330 19.
975 4269 1196 4350 splendentem,
1223 4269 1301 4348 (add.
1323 4281 1355 4332 et
1375 4270 1425 4348 P.)
1459 4267 1504 4328 21.

437 4362 629 4444 perturbatus
651 4366 728 4448 (add.
751 4379 799 4432 est
817 4368 868 4446 P.)
910 4365 961 4430 27.
984 4365 1111 4432 διακονια
1132 4370 1209 4451 (add.
1231 4383 1283 4434 tua
1302 4371 1354 4450 P.)
1403 4433 1405 4436 .
