3296 5354
680 509 722 579 51

159 704 259 778 atque
283 701 334 780 cst
356 709 476 776 magna
499 688 586 754 salus
610 689 699 779 apud
723 711 807 768 eum,
832 703 865 758 et
888 696 949 760 iste
971 693 1111 763 redimet
1132 695 1236 766 Israe-

158 804 224 870 lem
247 825 288 869 ex
311 806 380 868 eius
404 829 542 884 ανομιακ
565 804 745 870 omnibus.”
775 803 865 870 Dixit
888 811 918 873 ei
933 799 1039 876 Iesus:
1063 835 1146 900 ευγι,
1169 805 1253 879 ΑΒ(

158 919 254 983 drcas
277 943 436 1004 μακαριοε,
458 915 539 982 hacc
558 931 608 982 cst
624 918 743 984 solutio
760 921 829 984 eius
845 945 1018 1004 nunccios·
1043 950 1132 1007 αμην,
1157 951 1238 1010 cunr

159 1032 232 1097 dico
255 1030 364 1108 vobis,
387 1053 441 1095 mc
465 1029 695 1096 absoluturum
718 1053 788 1098 esse
810 1055 871 1104 vos
894 1061 1062 1124 μυστηριοις
1085 1039 1237 1106 omnibus

116 1171 131 1210 s
159 1146 291 1210 luminis
316 1158 414 1230 atque
445 1169 548 1231 procu
579 1149 668 1209 omni
696 1145 772 1212 inde
803 1143 845 1212 ab
873 1151 1001 1215 interno
1031 1153 1237 1219 internorum
1270 1171 1300 1211 τι

158 1281 264 1346 usquc
288 1257 330 1322 ad
354 1271 525 1323 externum
549 1271 776 1338 externorum,
799 1281 905 1348 usque
934 1261 975 1326 ab
998 1262 1158 1328 Ineffabiii
1179 1289 1235 1331 us·

159 1395 225 1460 que
248 1371 291 1436 ad
318 1371 469 1436 tenebras
496 1371 723 1451 tenebrarum,
755 1387 853 1461 atque
881 1375 956 1441 indc
986 1399 1006 1441 a
1034 1377 1156 1444 lumine
1185 1379 1235 1444 lu·

159 1489 288 1550 minum
310 1485 478 1572 usquead
589 1491 679 1564 tans,
709 1487 785 1553 inde
814 1512 835 1552 a
863 1488 923 1554 diis
955 1490 1107 1557 omnihus
1130 1513 1236 1579 usquc

161 1599 205 1664 ad
228 1598 382 1683 desponsa,
410 1599 486 1666 inde
509 1621 529 1664 a
552 1599 692 1666 dominis
721 1601 872 1667 omnibus
895 1623 1001 1689 usque
1024 1603 1067 1669 ed
1089 1602 1236 1684 δικανους,

104 1740 133 1780 ro
159 1713 235 1779 inde
259 1713 300 1778 ab
323 1711 468 1802 εξουσιαις
495 1714 646 1779 omnibus
673 1737 779 1802 usquc
810 1715 853 1780 ed
882 1729 1083 1804 λειτουργους,
1112 1718 1188 1783 inde
1216 1743 1237 1784 a

159 1832 323 1894 creatione
346 1829 518 1892 hominum
540 1851 646 1916 usquc
669 1828 712 1894 ad
728 1828 822 1916 dapes,
855 1842 888 1894 et
909 1828 1074 1917 pecudum
1098 1845 1131 1896 ct
1159 1853 1234 1920 rep-

157 1943 279 2020 tilium3
305 1940 395 2030 quod
416 1942 584 2006 vocabunt
604 1964 666 2008 vos
692 1956 835 2019 πλειους,
867 1941 1030 2030 perfedtos
1060 1946 1101 2007 in.
1116 1958 1234 2032 πληρω-

159 2083 237 2143 ματι
262 2057 359 2120 omni.
410 2082 501 2144 αμην,
532 2083 613 2140 cunc
637 2055 710 2122 dico
738 2055 833 2122 vobis
855 2058 890 2120 in
912 2056 1001 2134 loco,
1031 2057 1090 2121 ubi
1117 2081 1173 2126 ero
1201 2061 1236 2124 in
1287 2049 1337 2126 76

159 2190 262 2256 regno
292 2172 358 2238 mci
378 2173 504 2258 'patris‚
541 2173 630 2236 critis
644 2181 645 2186 ’
660 2191 721 2238 vos
752 2192 885 2257 quoque
919 2169 965 2236 ihi
998 2192 1136 2236 mecum.
1191 2171 1236 2239 Et

105 2311 133 2352 ss
163 2305 267 2371 quum
288 2282 440 2372 impletus
469 2284 569 2350 suerit
591 2283 713 2370 anepos
736 2297 858 2361 τελειος,
885 2297 925 2347 ut
953 2284 1100 2350 solvatur
1127 2311 1235 2373 κερασ-

159 2423 225 2484 μος,
248 2412 390 2474 censoru,
413 2411 453 2462 ut
475 2396 641 2463 adducant
661 2397 739 2464 deos
762 2419 875 2464 omncs
891 2423 1053 2486 supernus,
1077 2402 1134 2486 qui
1151 2421 1234 2466 non·

159 2511 239 2577 dum
261 2511 424 2577 dederunt
444 2515 622 2600 puritatem
648 2516 697 2576 sui
719 2512 859 2588 luminis,
884 2525 918 2577 ct
938 2523 1072 2579 κελευσω
1094 2515 1160 2600 igni
1183 2535 1233 2578 sa·

156 2629 268 2715 pienti,
293 2646 392 2712 quem
414 2638 517 2691 τελειοι
541 2627 715 2702 traiiciunt,
738 2639 777 2691 ut
798 2639 971 2690 consumat
984 2651 1137 2713 τυραννους
1151 2627 1234 2704 illos,

157 2763 263 2827 usquc
302 2739 382 2804 dum
418 2737 567 2822 dederint
602 2739 753 2803 ultimam
788 2743 967 2826 puritatem
1008 2743 1058 2805 sui
1094 2739 1235 2806 luminis.

1363 2111 1391 2172 r<

2 2927 3 2930 ,
104 2881 133 2922 ao
158 2854 298 2918 Factum
319 2855 420 2940 igitur
442 2866 505 2929 est,
530 2875 633 2939 quum
647 2851 737 2917 Iesus
760 2851 885 2915 finisset
907 2850 1014 2916 dicere
1035 2852 1116 2917 haec
1133 2854 1237 2920 verba

160 2971 227 3032 suis
252 2966 414 3052 μαθηταις,
439 2966 520 3030 dixit
541 2969 593 3030 iis:
617 2993 702 3032 roam
726 2963 893 3050 quomodo
909 2964 1027 3051 loquar
1041 2963 1234 3029 vobiscum?

160 3081 252 3146 Dixit
273 3081 388 3144 Maria:
415 3081 551 3167 Utique,
576 3078 723 3155 dominc,
747 3105 799 3143 coo
820 3076 974 3154 verbum,
1003 3075 1094 3163 quod
1117 3076 1234 3142 dixisti.

160 3195 211 3260 De
232 3193 334 3259 verbo
358 3197 463 3282 igitur,
493 3192 585 3280 quod
612 3192 732 3257 dixisti:
760 3194 795 3255 in
818 3190 980 3256 solutione
1006 3215 1159 3278 κερασμου
1182 3203 1235 3256 to·

161 3311 226 3373 tius
250 3307 375 3373 sedebis
399 3329 497 3396 super
518 3311 588 3372 vim
609 3305 750 3383 luminis,
777 3319 876 3391 atquc
898 3317 974 3369 tuos
996 3301 1149 3389 μωθητας,
1174 3307 1233 3368 sci·

107 3447 134 3488 ss
161 3423 237 3488 licet
259 3445 333 3499 nos,
364 3443 511 3488 sessuros
535 3443 605 3488 esse
635 3419 678 3484 ad
700 3418 849 3484 dextram
871 3417 945 3496 tihi,
975 3418 1159 3483 iudicaturo
1182 3443 1234 3484 τυ·

158 3562 285 3624 pancos,
309 3540 365 3624 qui
379 3537 528 3602 nondum
544 3534 693 3601 dederint
711 3537 890 3622 puritatem
907 3535 956 3597 sui
971 3533 1112 3611 luminis,
1136 3546 1235 3620 atque

157 3655 266 3738 ignem
290 3655 472 3739 sapientem
496 3663 747 3714 constunturum
770 3669 840 3714 esse
863 3669 934 3724 eos,
957 3646 1159 3735 usquedum
1178 3646 1234 3712 de·

159 3763 268 3829 derint
289 3765 444 3829 ultimum
466 3762 592 3840 lumen,
628 3761 718 3851 quod
743 3765 777 3827 in
804 3765 843 3828 iis
870 3801 906 3812 -
935 3761 1061 3828 dehoc
1084 3782 1235 3826 sermone

160 3881 259 3962 igitur
289 3891 348 3942 tua
379 3881 429 3942 vis
459 3877 590 3942 lmninis
622 3885 835 3965 ιπροφητευσεν
873 3875 951 3940 olim
986 3895 1046 3961 per
1073 3870 1235 3937 Davidem

108 4014 136 4054 no
164 3988 273 4054 dicens
295 3993 330 4053 in
351 3993 503 4084 vicesimo
527 4005 645 4078 quarto
667 3989 815 4054 Psalmo:
840 3987 954 4064 „Deus
978 3983 1103 4050 sedebit
1123 3985 1158 4046 in
1180 4009 1234 4048 ou·

246 4147 274 4208 6.
298 4171 392 4230 usque
414 4151 496 4229 (inde
517 4153 567 4230 P.)
616 4147 646 4210 7.
670 4147 861 4210 tenebrarum
883 4143 945 4224 (vel
966 4142 1143 4203 accuratius:
1166 4142 1237 4203 cali-

161 4249 262 4334 ginem
285 4249 443 4334 caliginum
467 4252 517 4330 P.)
572 4249 624 4309 25.
648 4249 813 4309 iudicaturo
835 4245 913 4324 (add.
936 4243 1007 4304 deos
1029 4243 1077 4318 P.)
1131 4242 1183 4303 30.
1206 4243 1238 4303 in

160 4349 303 4410 vicesimo
318 4362 425 4430 quarto
441 4353 555 4430 (vertez
571 4351 624 4426 „in
640 4349 827 4431 octogesimo
843 4345 968 4426 primo.”
997 4343 1031 4404 ln
1044 4355 1127 4405 textu
1143 4343 1235 4425 Copt.

162 4449 287 4533 iegitur:
311 4450 359 4532 pse
381 4471 474 4534 nnep
494 4470 576 4530 quor
594 4467 751 4510 morosus
771 4451 822 4506 rufi
843 4467 924 4521 ors,
953 4445 973 4504 i.
990 4466 1016 4506 e.
1037 4445 1073 4506 ad
1094 4443 1235 4507 verbum:

986 4549 1032 4624 d.
