<?xml version="1.0" encoding="UTF-8"?>
<!DOCTYPE html PUBLIC "-//W3C//DTD XHTML 1.0 Transitional//EN"
    "http://www.w3.org/TR/xhtml1/DTD/xhtml1-transitional.dtd">
<html xmlns="http://www.w3.org/1999/xhtml" xml:lang="en" lang="en">
 <head>
  <title>
</title>
<meta http-equiv="Content-Type" content="text/html;charset=utf-8" />
  <meta name='ocr-system' content='tesseract 3.04.00' />
  <meta name='ocr-capabilities' content='ocr_page ocr_carea ocr_par ocr_line ocrx_word'/>
</head>
<body>
  <div class='ocr_page' id='page_1' title='image "./pistissophiaopu00petegoog_0626.png"; bbox 0 0 3240 5328; ppageno 0'>
   <div class='ocr_carea' id='block_1_1' title="bbox 652 491 717 562">
    <p class='ocr_par' dir='ltr' id='par_1_1' title="bbox 652 491 717 562">
     <span class='ocr_line' id='line_1_1' title="bbox 652 491 717 562; baseline 0.031 -2"><span class='ocrx_word' id='word_1_1' title='bbox 652 491 717 562; x_wconf 85' lang='lat'>195</span> 
     </span>
    </p>
   </div>
   <div class='ocr_carea' id='block_1_2' title="bbox 1 670 1390 4504">
    <p class='ocr_par' dir='ltr' id='par_1_2' title="bbox 1 670 1390 4504">
     <span class='ocr_line' id='line_1_2' title="bbox 145 670 1223 760; baseline 0.009 -24"><span class='ocrx_word' id='word_1_2' title='bbox 145 671 186 738; x_wconf 88' lang='lat' dir='ltr'>de</span> <span class='ocrx_word' id='word_1_3' title='bbox 213 671 276 738; x_wconf 87' lang='lat' dir='ltr'>hoc</span> <span class='ocrx_word' id='word_1_4' title='bbox 298 671 401 738; x_wconf 86' lang='lat' dir='ltr'>verbo</span> <span class='ocrx_word' id='word_1_5' title='bbox 430 699 489 750; x_wconf 77' lang='lat' dir='ltr'>ror,</span> <span class='ocrx_word' id='word_1_6' title='bbox 522 670 612 760; x_wconf 91' lang='lat' dir='ltr'>quod</span> <span class='ocrx_word' id='word_1_7' title='bbox 640 670 749 738; x_wconf 75' lang='lat' dir='ltr'>dixisti</span> <span class='ocrx_word' id='word_1_8' title='bbox 770 671 864 740; x_wconf 83' lang='lat' dir='ltr'>nobis</span> <span class='ocrx_word' id='word_1_9' title='bbox 897 674 989 740; x_wconf 87' lang='lat' dir='ltr'>olim:</span> <span class='ocrx_word' id='word_1_10' title='bbox 1020 681 1047 742; x_wconf 86' lang='lat' dir='ltr'>si</span> <span class='ocrx_word' id='word_1_11' title='bbox 1077 681 1223 746; x_wconf 74' lang='lat' dir='ltr'>scivisset</span> 
     </span>
     <span class='ocr_line' id='line_1_3' title="bbox 143 786 1220 873; baseline 0.008 -24"><span class='ocrx_word' id='word_1_12' title='bbox 143 797 238 872; x_wconf 86' lang='lat' dir='ltr'>pater</span> <span class='ocrx_word' id='word_1_13' title='bbox 267 786 424 862; x_wconf 78' lang='lat' dir='ltr'>familias,</span> <span class='ocrx_word' id='word_1_14' title='bbox 456 807 600 873; x_wconf 87' lang='lat' dir='ltr'>quanam</span> <span class='ocrx_word' id='word_1_15' title='bbox 626 786 710 852; x_wconf 84' lang='lat' dir='ltr'>hora</span> <span class='ocrx_word' id='word_1_16' title='bbox 737 791 843 852; x_wconf 91' lang='lat' dir='ltr'>noctis</span> <span class='ocrx_word' id='word_1_17' title='bbox 872 787 1035 856; x_wconf 79' lang='lat' dir='ltr'>incesset</span> <span class='ocrx_word' id='word_1_18' title='bbox 1062 805 1220 858; x_wconf 85' lang='lat' dir='ltr'>venturus</span> 
     </span>
     <span class='ocr_line' id='line_1_4' title="bbox 143 898 1219 986; baseline 0.007 -22"><span class='ocrx_word' id='word_1_19' title='bbox 143 899 186 964; x_wconf 87' lang='lat' dir='ltr'>ad</span> <span class='ocrx_word' id='word_1_20' title='bbox 209 898 450 985; x_wconf 80' lang='lat' dir='ltr'>infringendam</span> <span class='ocrx_word' id='word_1_21' title='bbox 474 899 624 976; x_wconf 89' lang='lat' dir='ltr'>domum,</span> <span class='ocrx_word' id='word_1_22' title='bbox 657 901 891 986; x_wconf 84' lang='lat' dir='ltr'>invigilavisset</span> <span class='ocrx_word' id='word_1_23' title='bbox 913 905 1027 980; x_wconf 90' lang='lat' dir='ltr'>etiam,</span> <span class='ocrx_word' id='word_1_24' title='bbox 1055 918 1155 971; x_wconf 86' lang='lat' dir='ltr'>utne</span> <span class='ocrx_word' id='word_1_25' title='bbox 1179 908 1219 971; x_wconf 91' lang='lat' dir='ltr'>si·</span> 
     </span>
     <span class='ocr_line' id='line_1_5' title="bbox 142 1013 1222 1104; baseline 0.007 -27"><span class='ocrx_word' id='word_1_26' title='bbox 142 1026 236 1078; x_wconf 83' lang='lat' dir='ltr'>neret</span> <span class='ocrx_word' id='word_1_27' title='bbox 265 1013 432 1078; x_wconf 91' lang='lat' dir='ltr'>hominem</span> <span class='ocrx_word' id='word_1_28' title='bbox 463 1013 640 1100; x_wconf 76' lang='lat' dir='ltr'>infringere</span> <span class='ocrx_word' id='word_1_29' title='bbox 670 1013 815 1078; x_wconf 86' lang='lat' dir='ltr'>domum.</span> <span class='ocrx_word' id='word_1_30' title='bbox 867 1015 956 1081; x_wconf 86' lang='lat' dir='ltr'>Haec</span> <span class='ocrx_word' id='word_1_31' title='bbox 988 1019 1087 1104; x_wconf 83' lang='lat' dir='ltr'>igitur</span> <span class='ocrx_word' id='word_1_32' title='bbox 1119 1041 1222 1104; x_wconf 90' lang='lat' dir='ltr'>quum</span> 
     </span>
     <span class='ocr_line' id='line_1_6' title="bbox 101 1125 1221 1212; baseline 0.007 -22"><span class='ocrx_word' id='word_1_33' title='bbox 101 1152 114 1190; x_wconf 88' lang='lat' dir='ltr'>s</span> <span class='ocrx_word' id='word_1_34' title='bbox 144 1126 277 1190; x_wconf 82' lang='lat' dir='ltr'>dixisset</span> <span class='ocrx_word' id='word_1_35' title='bbox 298 1126 414 1202; x_wconf 85' lang='lat' dir='ltr'>Maria,</span> <span class='ocrx_word' id='word_1_36' title='bbox 444 1125 526 1190; x_wconf 82' lang='lat' dir='ltr'>dixit</span> <span class='ocrx_word' id='word_1_37' title='bbox 549 1148 657 1208; x_wconf 70' lang='lat' dir='ltr'>corno:</span> <span class='ocrx_word' id='word_1_38' title='bbox 688 1153 773 1212; x_wconf 78' lang='grc' dir='ltr'><strong>ευγε,</strong></span> <span class='ocrx_word' id='word_1_39' title='bbox 802 1153 989 1208; x_wconf 64' lang='lat' dir='ltr'>semustum</span> <span class='ocrx_word' id='word_1_40' title='bbox 1011 1131 1128 1207; x_wconf 82' lang='lat' dir='ltr'>Maria,</span> <span class='ocrx_word' id='word_1_41' title='bbox 1158 1133 1221 1198; x_wconf 89' lang='lat' dir='ltr'>hoc</span> 
     </span>
     <span class='ocr_line' id='line_1_7' title="bbox 143 1238 1220 1326; baseline 0.005 -22"><span class='ocrx_word' id='word_1_42' title='bbox 143 1253 192 1304; x_wconf 86' lang='lat' dir='ltr'>est</span> <span class='ocrx_word' id='word_1_43' title='bbox 221 1239 368 1305; x_wconf 81' lang='lat' dir='ltr'>verbum.</span> <span class='ocrx_word' id='word_1_44' title='bbox 419 1238 561 1326; x_wconf 82' lang='lat' dir='ltr'>Pergens</span> <span class='ocrx_word' id='word_1_45' title='bbox 592 1238 698 1302; x_wconf 91' lang='lat' dir='ltr'>adhuc</span> <span class='ocrx_word' id='word_1_46' title='bbox 727 1266 819 1326; x_wconf 78' lang='grc' dir='ltr'><strong><em>σωτηρ</em></strong></span> <span class='ocrx_word' id='word_1_47' title='bbox 850 1239 932 1305; x_wconf 85' lang='lat' dir='ltr'>dixit</span> <span class='ocrx_word' id='word_1_48' title='bbox 961 1245 1027 1306; x_wconf 86' lang='lat' dir='ltr'>suis</span> <span class='ocrx_word' id='word_1_49' title='bbox 1058 1245 1220 1326; x_wconf 69' lang='grc' dir='ltr'>μιθητωιςε</span> 
     </span>
     <span class='ocr_line' id='line_1_8' title="bbox 142 1351 1219 1444; baseline 0.006 -26"><span class='ocrx_word' id='word_1_50' title='bbox 142 1375 230 1418; x_wconf 90' lang='lat' dir='ltr'>nunc</span> <span class='ocrx_word' id='word_1_51' title='bbox 251 1356 350 1438; x_wconf 83' lang='lat' dir='ltr'>igitur</span> <span class='ocrx_word' id='word_1_52' title='bbox 372 1379 531 1434; x_wconf 75' lang='grc' dir='ltr'><strong>κηρυσσετι</strong></span> <span class='ocrx_word' id='word_1_53' title='bbox 554 1351 741 1418; x_wconf 88' lang='lat' dir='ltr'>hominibus</span> <span class='ocrx_word' id='word_1_54' title='bbox 765 1353 917 1418; x_wconf 90' lang='lat' dir='ltr'>omnibus</span> <span class='ocrx_word' id='word_1_55' title='bbox 933 1360 1112 1443; x_wconf 86' lang='lat' dir='ltr'>accepturis</span> <span class='ocrx_word' id='word_1_56' title='bbox 1135 1385 1219 1444; x_wconf 76' lang='grc' dir='ltr'><strong><em>μυσ-</em></strong></span> 
     </span>
     <span class='ocr_line' id='line_1_9' title="bbox 142 1465 1331 1561; baseline 0.008 -31"><span class='ocrx_word' id='word_1_57' title='bbox 142 1493 234 1549; x_wconf 76' lang='grc' dir='ltr'><strong><em>τηριον</em></strong></span> <span class='ocrx_word' id='word_1_58' title='bbox 256 1469 291 1529; x_wconf 91' lang='lat' dir='ltr'>in</span> <span class='ocrx_word' id='word_1_59' title='bbox 311 1467 444 1542; x_wconf 89' lang='lat' dir='ltr'>lumine,</span> <span class='ocrx_word' id='word_1_60' title='bbox 468 1465 563 1530; x_wconf 90' lang='lat' dir='ltr'>dicite</span> <span class='ocrx_word' id='word_1_61' title='bbox 585 1469 623 1531; x_wconf 89' lang='lat' dir='ltr'>iis</span> <span class='ocrx_word' id='word_1_62' title='bbox 647 1465 804 1532; x_wconf 86' lang='lat' dir='ltr'>dicentes:</span> <span class='ocrx_word' id='word_1_63' title='bbox 828 1481 939 1534; x_wconf 86' lang='lat' dir='ltr'>cavete</span> <span class='ocrx_word' id='word_1_64' title='bbox 954 1469 1058 1547; x_wconf 82' lang='lat' dir='ltr'>vobis,</span> <span class='ocrx_word' id='word_1_65' title='bbox 1083 1495 1125 1537; x_wconf 88' lang='lat' dir='ltr'>ne</span> <span class='ocrx_word' id='word_1_66' title='bbox 1145 1493 1221 1561; x_wconf 86' lang='lat' dir='ltr'>pee-</span> <span class='ocrx_word' id='word_1_67' title='bbox 1259 1471 1331 1545; x_wconf 85' lang='lat'>311</span> 
     </span>
     <span class='ocr_line' id='line_1_10' title="bbox 143 1579 1218 1667; baseline 0.009 -24"><span class='ocrx_word' id='word_1_68' title='bbox 143 1581 235 1655; x_wconf 86' lang='lat' dir='ltr'>cetis,</span> <span class='ocrx_word' id='word_1_69' title='bbox 260 1591 298 1642; x_wconf 91' lang='lat' dir='ltr'>ut</span> <span class='ocrx_word' id='word_1_70' title='bbox 319 1601 361 1644; x_wconf 88' lang='lat' dir='ltr'>ne</span> <span class='ocrx_word' id='word_1_71' title='bbox 384 1582 560 1667; x_wconf 86' lang='lat' dir='ltr'>opponatis</span> <span class='ocrx_word' id='word_1_72' title='bbox 584 1579 670 1644; x_wconf 90' lang='lat' dir='ltr'>diem</span> <span class='ocrx_word' id='word_1_73' title='bbox 693 1595 807 1646; x_wconf 88' lang='lat' dir='ltr'>contra</span> <span class='ocrx_word' id='word_1_74' title='bbox 830 1581 917 1646; x_wconf 91' lang='lat' dir='ltr'>diem</span> <span class='ocrx_word' id='word_1_75' title='bbox 947 1596 980 1648; x_wconf 89' lang='lat' dir='ltr'>et</span> <span class='ocrx_word' id='word_1_76' title='bbox 1008 1585 1088 1648; x_wconf 85' lang='lat' dir='ltr'>eatis</span> <span class='ocrx_word' id='word_1_77' title='bbox 1118 1607 1136 1650; x_wconf 89' lang='lat' dir='ltr'>e</span> <span class='ocrx_word' id='word_1_78' title='bbox 1160 1612 1218 1653; x_wconf 75' lang='lat' dir='ltr'>ru·</span> 
     </span>
     <span class='ocr_line' id='line_1_11' title="bbox 92 1691 1218 1783; baseline 0.005 -24"><span class='ocrx_word' id='word_1_79' title='bbox 92 1719 116 1760; x_wconf 86' lang='lat' dir='ltr'>rc</span> <span class='ocrx_word' id='word_1_80' title='bbox 142 1720 235 1777; x_wconf 71' lang='grc' dir='ltr'>μιτι,</span> <span class='ocrx_word' id='word_1_81' title='bbox 259 1691 348 1757; x_wconf 81' lang='lat' dir='ltr'>haud</span> <span class='ocrx_word' id='word_1_82' title='bbox 369 1719 615 1775; x_wconf 55' lang='lat' dir='ltr'>accersamus,</span> <span class='ocrx_word' id='word_1_83' title='bbox 637 1707 677 1758; x_wconf 85' lang='lat' dir='ltr'>ut</span> <span class='ocrx_word' id='word_1_84' title='bbox 699 1697 767 1760; x_wconf 86' lang='lat' dir='ltr'>sitis</span> <span class='ocrx_word' id='word_1_85' title='bbox 791 1709 943 1780; x_wconf 73' lang='grc' dir='ltr'>ιλλοτριοι</span> <span class='ocrx_word' id='word_1_86' title='bbox 963 1717 1065 1783; x_wconf 82' lang='lat' dir='ltr'>regno</span> <span class='ocrx_word' id='word_1_87' title='bbox 1087 1697 1218 1765; x_wconf 82' lang='lat' dir='ltr'>luminis</span> 
     </span>
     <span class='ocr_line' id='line_1_12' title="bbox 142 1807 1218 1898; baseline 0.006 -26"><span class='ocrx_word' id='word_1_88' title='bbox 142 1829 247 1894; x_wconf 89' lang='lat' dir='ltr'>usque</span> <span class='ocrx_word' id='word_1_89' title='bbox 270 1807 313 1872; x_wconf 84' lang='lat' dir='ltr'>ad</span> <span class='ocrx_word' id='word_1_90' title='bbox 336 1821 514 1872; x_wconf 85' lang='lat' dir='ltr'>aeternum.</span> <span class='ocrx_word' id='word_1_91' title='bbox 559 1809 649 1874; x_wconf 80' lang='lat' dir='ltr'>llaec</span> <span class='ocrx_word' id='word_1_92' title='bbox 673 1831 777 1896; x_wconf 91' lang='lat' dir='ltr'>quum</span> <span class='ocrx_word' id='word_1_93' title='bbox 799 1808 934 1874; x_wconf 82' lang='lat' dir='ltr'>dixisset</span> <span class='ocrx_word' id='word_1_94' title='bbox 954 1833 1057 1890; x_wconf 68' lang='lat' dir='ltr'>comp,</span> <span class='ocrx_word' id='word_1_95' title='bbox 1082 1835 1218 1898; x_wconf 85' lang='lat' dir='ltr'>respon-</span> 
     </span>
     <span class='ocr_line' id='line_1_13' title="bbox 143 1921 1218 2010; baseline 0.004 -24"><span class='ocrx_word' id='word_1_96' title='bbox 143 1921 222 1987; x_wconf 87' lang='lat' dir='ltr'>dens</span> <span class='ocrx_word' id='word_1_97' title='bbox 246 1921 348 1986; x_wconf 86' lang='lat' dir='ltr'>Maria</span> <span class='ocrx_word' id='word_1_98' title='bbox 372 1921 465 1986; x_wconf 87' lang='lat' dir='ltr'>dixit:</span> <span class='ocrx_word' id='word_1_99' title='bbox 489 1926 535 1986; x_wconf 92' lang='lat' dir='ltr'>mi</span> <span class='ocrx_word' id='word_1_100' title='bbox 551 1922 692 1999; x_wconf 88' lang='lat' dir='ltr'>domine,</span> <span class='ocrx_word' id='word_1_101' title='bbox 714 1945 832 2010; x_wconf 82' lang='lat' dir='ltr'>magua</span> <span class='ocrx_word' id='word_1_102' title='bbox 856 1923 1076 1990; x_wconf 81' lang='lat' dir='ltr'>misericordia</span> <span class='ocrx_word' id='word_1_103' title='bbox 1098 1925 1218 1990; x_wconf 86' lang='lat' dir='ltr'>horum</span> 
     </span>
     <span class='ocr_line' id='line_1_14' title="bbox 140 2038 1216 2126; baseline 0.003 -24"><span class='ocrx_word' id='word_1_104' title='bbox 140 2062 307 2121; x_wconf 75' lang='grc' dir='ltr'><strong><em>μυστηριων</em></strong></span> <span class='ocrx_word' id='word_1_105' title='bbox 329 2038 565 2101; x_wconf 87' lang='lat' dir='ltr'>remittentium</span> <span class='ocrx_word' id='word_1_106' title='bbox 588 2050 722 2124; x_wconf 87' lang='lat' dir='ltr'>peccata</span> <span class='ocrx_word' id='word_1_107' title='bbox 745 2040 834 2102; x_wconf 87' lang='lat' dir='ltr'>omui</span> <span class='ocrx_word' id='word_1_108' title='bbox 861 2050 1020 2125; x_wconf 85' lang='lat' dir='ltr'>tempore.</span> <span class='ocrx_word' id='word_1_109' title='bbox 1068 2039 1216 2126; x_wconf 87' lang='lat' dir='ltr'>Respon-</span> 
     </span>
     <span class='ocr_line' id='line_1_15' title="bbox 143 2148 1217 2234; baseline 0.005 -20"><span class='ocrx_word' id='word_1_110' title='bbox 143 2149 222 2214; x_wconf 83' lang='lat' dir='ltr'>deas</span> <span class='ocrx_word' id='word_1_111' title='bbox 246 2176 339 2234; x_wconf 74' lang='grc' dir='ltr'><strong><em>σωτηρ</em></strong></span> <span class='ocrx_word' id='word_1_112' title='bbox 363 2148 444 2214; x_wconf 87' lang='lat' dir='ltr'>dixit</span> <span class='ocrx_word' id='word_1_113' title='bbox 465 2149 588 2215; x_wconf 88' lang='lat' dir='ltr'>Mariae</span> <span class='ocrx_word' id='word_1_114' title='bbox 616 2153 650 2214; x_wconf 87' lang='lat' dir='ltr'>in</span> <span class='ocrx_word' id='word_1_115' title='bbox 679 2151 793 2216; x_wconf 85' lang='lat' dir='ltr'>mediis</span> <span class='ocrx_word' id='word_1_116' title='bbox 823 2150 984 2233; x_wconf 60' lang='lat' dir='ltr'>peierare:</span> <span class='ocrx_word' id='word_1_117' title='bbox 1015 2155 1042 2217; x_wconf 94' lang='lat' dir='ltr'>si</span> <span class='ocrx_word' id='word_1_118' title='bbox 1070 2175 1129 2218; x_wconf 86' lang='lat' dir='ltr'>rex</span> <span class='ocrx_word' id='word_1_119' title='bbox 1157 2155 1217 2219; x_wconf 90' lang='lat' dir='ltr'>ho·</span> 
     </span>
     <span class='ocr_line' id='line_1_16' title="bbox 89 2261 1217 2352; baseline 0.004 -24"><span class='ocrx_word' id='word_1_120' title='bbox 89 2287 114 2328; x_wconf 84' lang='lat' dir='ltr'>rs</span> <span class='ocrx_word' id='word_1_121' title='bbox 143 2261 284 2339; x_wconf 89' lang='lat' dir='ltr'>diernus,</span> <span class='ocrx_word' id='word_1_122' title='bbox 308 2265 363 2349; x_wconf 91' lang='lat' dir='ltr'>qui</span> <span class='ocrx_word' id='word_1_123' title='bbox 385 2277 435 2328; x_wconf 88' lang='lat' dir='ltr'>cst</span> <span class='ocrx_word' id='word_1_124' title='bbox 454 2264 554 2328; x_wconf 89' lang='lat' dir='ltr'>homo</span> <span class='ocrx_word' id='word_1_125' title='bbox 576 2263 671 2328; x_wconf 87' lang='lat' dir='ltr'>huius</span> <span class='ocrx_word' id='word_1_126' title='bbox 687 2291 814 2348; x_wconf 75' lang='grc' dir='ltr'>κοσμου,</span> <span class='ocrx_word' id='word_1_127' title='bbox 838 2263 896 2330; x_wconf 87' lang='lat' dir='ltr'>dat</span> <span class='ocrx_word' id='word_1_128' title='bbox 910 2263 1016 2352; x_wconf 68' lang='lat' dir='ltr'>drapani</span> <span class='ocrx_word' id='word_1_129' title='bbox 1031 2265 1217 2333; x_wconf 85' lang='lat' dir='ltr'>hominibus</span> 
     </span>
     <span class='ocr_line' id='line_1_17' title="bbox 141 2377 1216 2466; baseline 0.003 -24"><span class='ocrx_word' id='word_1_130' title='bbox 141 2377 200 2442; x_wconf 92' lang='lat' dir='ltr'>sibi</span> <span class='ocrx_word' id='word_1_131' title='bbox 228 2377 429 2463; x_wconf 77' lang='lat' dir='ltr'>aequalibus,</span> <span class='ocrx_word' id='word_1_132' title='bbox 460 2390 494 2442; x_wconf 88' lang='lat' dir='ltr'>et</span> <span class='ocrx_word' id='word_1_133' title='bbox 520 2379 665 2442; x_wconf 86' lang='lat' dir='ltr'>remittet</span> <span class='ocrx_word' id='word_1_134' title='bbox 692 2402 824 2465; x_wconf 87' lang='lat' dir='ltr'>quoque</span> <span class='ocrx_word' id='word_1_135' title='bbox 849 2387 985 2466; x_wconf 79' lang='grc' dir='ltr'>φονευσιν</span> <span class='ocrx_word' id='word_1_136' title='bbox 1009 2393 1042 2444; x_wconf 87' lang='lat' dir='ltr'>et</span> <span class='ocrx_word' id='word_1_137' title='bbox 1064 2380 1216 2446; x_wconf 87' lang='lat' dir='ltr'>concubi·</span> 
     </span>
     <span class='ocr_line' id='line_1_18' title="bbox 137 2491 1216 2579; baseline 0.002 -23"><span class='ocrx_word' id='word_1_138' title='bbox 137 2491 284 2556; x_wconf 89' lang='lat' dir='ltr'>tantibus</span> <span class='ocrx_word' id='word_1_139' title='bbox 313 2513 389 2556; x_wconf 91' lang='lat' dir='ltr'>cum</span> <span class='ocrx_word' id='word_1_140' title='bbox 417 2491 585 2567; x_wconf 83' lang='lat' dir='ltr'>masculis,</span> <span class='ocrx_word' id='word_1_141' title='bbox 617 2505 650 2554; x_wconf 88' lang='lat' dir='ltr'>et</span> <span class='ocrx_word' id='word_1_142' title='bbox 678 2492 811 2578; x_wconf 90' lang='lat' dir='ltr'>reliquis</span> <span class='ocrx_word' id='word_1_143' title='bbox 841 2496 981 2579; x_wconf 87' lang='lat' dir='ltr'>peccatis</span> <span class='ocrx_word' id='word_1_144' title='bbox 1011 2496 1216 2579; x_wconf 84' lang='lat' dir='ltr'>gravissimis,</span> 
     </span>
     <span class='ocr_line' id='line_1_19' title="bbox 139 2605 1216 2694; baseline 0.002 -24"><span class='ocrx_word' id='word_1_145' title='bbox 139 2606 242 2692; x_wconf 83' lang='lat' dir='ltr'>dignis</span> <span class='ocrx_word' id='word_1_146' title='bbox 258 2619 375 2681; x_wconf 87' lang='lat' dir='ltr'>morte,</span> <span class='ocrx_word' id='word_1_147' title='bbox 399 2607 426 2669; x_wconf 89' lang='lat' dir='ltr'>si</span> <span class='ocrx_word' id='word_1_148' title='bbox 442 2605 535 2670; x_wconf 88' lang='lat' dir='ltr'>decet</span> <span class='ocrx_word' id='word_1_149' title='bbox 550 2627 635 2683; x_wconf 87' lang='lat' dir='ltr'>eum,</span> <span class='ocrx_word' id='word_1_150' title='bbox 660 2608 780 2694; x_wconf 85' lang='lat' dir='ltr'>quippe</span> <span class='ocrx_word' id='word_1_151' title='bbox 797 2606 963 2673; x_wconf 89' lang='lat' dir='ltr'>hominem</span> <span class='ocrx_word' id='word_1_152' title='bbox 979 2605 1074 2671; x_wconf 89' lang='lat' dir='ltr'>huius</span> <span class='ocrx_word' id='word_1_153' title='bbox 1090 2633 1216 2689; x_wconf 72' lang='grc' dir='ltr'><strong><em>κοσμου,</em></strong></span> 
     </span>
     <span class='ocr_line' id='line_1_20' title="bbox 140 2718 1216 2809; baseline 0.005 -27"><span class='ocrx_word' id='word_1_154' title='bbox 140 2718 248 2784; x_wconf 83' lang='lat' dir='ltr'>lacere</span> <span class='ocrx_word' id='word_1_155' title='bbox 270 2719 348 2794; x_wconf 91' lang='lat' dir='ltr'>hoc,</span> <span class='ocrx_word' id='word_1_156' title='bbox 377 2731 520 2800; x_wconf 61' lang='grc' dir='ltr'>μαλιστα</span> <span class='ocrx_word' id='word_1_157' title='bbox 548 2721 648 2806; x_wconf 80' lang='lat' dir='ltr'>igitur</span> <span class='ocrx_word' id='word_1_158' title='bbox 670 2719 829 2784; x_wconf 85' lang='lat' dir='ltr'>lucffabili</span> <span class='ocrx_word' id='word_1_159' title='bbox 857 2734 890 2784; x_wconf 90' lang='lat' dir='ltr'>et</span> <span class='ocrx_word' id='word_1_160' title='bbox 918 2723 1025 2807; x_wconf 86' lang='lat' dir='ltr'>primo</span> <span class='ocrx_word' id='word_1_161' title='bbox 1053 2747 1216 2809; x_wconf 77' lang='grc' dir='ltr'><em>μυστηριῳ,</em></span> 
     </span>
     <span class='ocr_line' id='line_1_21' title="bbox 1 2829 1215 2918; baseline 0.007 -26"><span class='ocrx_word' id='word_1_162' title='bbox 1 2881 3 2892; x_wconf 93' lang='grc'>.</span> <span class='ocrx_word' id='word_1_163' title='bbox 86 2855 113 2898; x_wconf 75' lang='lat' dir='ltr'>a·</span> <span class='ocrx_word' id='word_1_164' title='bbox 141 2834 263 2918; x_wconf 87' lang='lat' dir='ltr'>quippe</span> <span class='ocrx_word' id='word_1_165' title='bbox 286 2830 425 2898; x_wconf 89' lang='lat' dir='ltr'>dominis</span> <span class='ocrx_word' id='word_1_166' title='bbox 452 2835 612 2908; x_wconf 87' lang='lat' dir='ltr'>universi,</span> <span class='ocrx_word' id='word_1_167' title='bbox 643 2839 694 2896; x_wconf 86' lang='lat' dir='ltr'>e&#39;st</span> <span class='ocrx_word' id='word_1_168' title='bbox 720 2829 842 2918; x_wconf 73' lang='grc' dir='ltr'>εξουσια,</span> <span class='ocrx_word' id='word_1_169' title='bbox 870 2835 904 2896; x_wconf 89' lang='lat' dir='ltr'>iu</span> <span class='ocrx_word' id='word_1_170' title='bbox 934 2832 1032 2898; x_wconf 85' lang='lat' dir='ltr'>rebus</span> <span class='ocrx_word' id='word_1_171' title='bbox 1064 2835 1215 2900; x_wconf 88' lang='lat' dir='ltr'>omnibus</span> 
     </span>
     <span class='ocr_line' id='line_1_22' title="bbox 140 2944 1216 3032; baseline 0.003 -23"><span class='ocrx_word' id='word_1_172' title='bbox 140 2944 299 3022; x_wconf 84' lang='lat' dir='ltr'>faciundi,</span> <span class='ocrx_word' id='word_1_173' title='bbox 323 2944 413 3032; x_wconf 90' lang='lat' dir='ltr'>quod</span> <span class='ocrx_word' id='word_1_174' title='bbox 427 2946 601 3021; x_wconf 84' lang='lat' dir='ltr'>voluerint,</span> <span class='ocrx_word' id='word_1_175' title='bbox 624 2959 663 3010; x_wconf 89' lang='lat' dir='ltr'>ut</span> <span class='ocrx_word' id='word_1_176' title='bbox 684 2947 854 3010; x_wconf 86' lang='lat' dir='ltr'>remittant</span> <span class='ocrx_word' id='word_1_177' title='bbox 868 2947 1027 3009; x_wconf 85' lang='lat' dir='ltr'>unicuivis</span> <span class='ocrx_word' id='word_1_178' title='bbox 1048 2949 1216 3032; x_wconf 83' lang='lat' dir='ltr'>accipienti</span> 
     </span>
     <span class='ocr_line' id='line_1_23' title="bbox 139 3057 1216 3146; baseline 0.001 -22"><span class='ocrx_word' id='word_1_179' title='bbox 139 3082 314 3146; x_wconf 71' lang='grc' dir='ltr'><strong><em>μυστηριονς</em></strong></span> <span class='ocrx_word' id='word_1_180' title='bbox 345 3074 404 3124; x_wconf 84' lang='lat' dir='ltr'>aut</span> <span class='ocrx_word' id='word_1_181' title='bbox 425 3082 547 3136; x_wconf 87' lang='lat' dir='ltr'>nonne,</span> <span class='ocrx_word' id='word_1_182' title='bbox 579 3061 604 3122; x_wconf 88' lang='lat' dir='ltr'>si</span> <span class='ocrx_word' id='word_1_183' title='bbox 634 3081 694 3125; x_wconf 86' lang='lat' dir='ltr'>rex</span> <span class='ocrx_word' id='word_1_184' title='bbox 722 3059 900 3125; x_wconf 85' lang='lat' dir='ltr'>hodiernus</span> <span class='ocrx_word' id='word_1_185' title='bbox 930 3057 1067 3124; x_wconf 87' lang='lat' dir='ltr'>induens</span> <span class='ocrx_word' id='word_1_186' title='bbox 1099 3059 1216 3138; x_wconf 69' lang='grc' dir='ltr'>ιιὸυμι</span> 
     </span>
     <span class='ocr_line' id='line_1_24' title="bbox 139 3167 1216 3259; baseline -0.002 -20"><span class='ocrx_word' id='word_1_187' title='bbox 139 3167 226 3259; x_wconf 82' lang='lat' dir='ltr'>regis</span> <span class='ocrx_word' id='word_1_188' title='bbox 249 3173 355 3250; x_wconf 90' lang='lat' dir='ltr'>militi,</span> <span class='ocrx_word' id='word_1_189' title='bbox 384 3176 511 3240; x_wconf 81' lang='lat' dir='ltr'>miserit</span> <span class='ocrx_word' id='word_1_190' title='bbox 532 3195 609 3238; x_wconf 88' lang='lat' dir='ltr'>eum</span> <span class='ocrx_word' id='word_1_191' title='bbox 636 3177 670 3239; x_wconf 88' lang='lat' dir='ltr'>in</span> <span class='ocrx_word' id='word_1_192' title='bbox 700 3173 782 3239; x_wconf 81' lang='lat' dir='ltr'>alios</span> <span class='ocrx_word' id='word_1_193' title='bbox 808 3199 930 3250; x_wconf 71' lang='lat' dir='ltr'>rorans,</span> <span class='ocrx_word' id='word_1_194' title='bbox 965 3186 1004 3237; x_wconf 92' lang='lat' dir='ltr'>ut</span> <span class='ocrx_word' id='word_1_195' title='bbox 1033 3175 1216 3238; x_wconf 84' lang='lat' dir='ltr'>committat</span> 
     </span>
     <span class='ocr_line' id='line_1_25' title="bbox 140 3285 1217 3376; baseline -0.002 -24"><span class='ocrx_word' id='word_1_196' title='bbox 140 3285 256 3352; x_wconf 87' lang='lat' dir='ltr'>caedes</span> <span class='ocrx_word' id='word_1_197' title='bbox 280 3300 313 3352; x_wconf 90' lang='lat' dir='ltr'>et</span> <span class='ocrx_word' id='word_1_198' title='bbox 334 3302 466 3375; x_wconf 86' lang='lat' dir='ltr'>peccata</span> <span class='ocrx_word' id='word_1_199' title='bbox 490 3291 617 3376; x_wconf 82' lang='lat' dir='ltr'>gravia,</span> <span class='ocrx_word' id='word_1_200' title='bbox 641 3288 738 3374; x_wconf 85' lang='lat' dir='ltr'>digna</span> <span class='ocrx_word' id='word_1_201' title='bbox 759 3302 876 3365; x_wconf 88' lang='lat' dir='ltr'>morte,</span> <span class='ocrx_word' id='word_1_202' title='bbox 900 3301 934 3353; x_wconf 89' lang='lat' dir='ltr'>et</span> <span class='ocrx_word' id='word_1_203' title='bbox 947 3287 1037 3352; x_wconf 86' lang='lat' dir='ltr'>haud</span> <span class='ocrx_word' id='word_1_204' title='bbox 1051 3290 1217 3373; x_wconf 85' lang='lat' dir='ltr'>imputant</span> 
     </span>
     <span class='ocr_line' id='line_1_26' title="bbox 84 3401 1214 3488; baseline 0 -22"><span class='ocrx_word' id='word_1_205' title='bbox 84 3424 112 3465; x_wconf 78' lang='lat' dir='ltr'>ss</span> <span class='ocrx_word' id='word_1_206' title='bbox 139 3404 204 3466; x_wconf 85' lang='lat' dir='ltr'>ista</span> <span class='ocrx_word' id='word_1_207' title='bbox 226 3403 265 3479; x_wconf 87' lang='lat' dir='ltr'>ei,</span> <span class='ocrx_word' id='word_1_208' title='bbox 289 3415 322 3468; x_wconf 89' lang='lat' dir='ltr'>et</span> <span class='ocrx_word' id='word_1_209' title='bbox 343 3401 433 3469; x_wconf 88' lang='lat' dir='ltr'>haud</span> <span class='ocrx_word' id='word_1_210' title='bbox 460 3403 587 3468; x_wconf 79' lang='lat' dir='ltr'>iaciunt</span> <span class='ocrx_word' id='word_1_211' title='bbox 609 3401 791 3488; x_wconf 87' lang='lat' dir='ltr'>quidquam</span> <span class='ocrx_word' id='word_1_212' title='bbox 813 3401 890 3466; x_wconf 88' lang='lat' dir='ltr'>mali</span> <span class='ocrx_word' id='word_1_213' title='bbox 920 3403 963 3478; x_wconf 90' lang='lat' dir='ltr'>ei,</span> <span class='ocrx_word' id='word_1_214' title='bbox 993 3403 1149 3487; x_wconf 89' lang='lat' dir='ltr'>quoniam</span> <span class='ocrx_word' id='word_1_215' title='bbox 1172 3427 1214 3466; x_wconf 75' lang='lat' dir='ltr'>rr-</span> 
     </span>
     <span class='ocr_line' id='line_1_27' title="bbox 138 3497 1214 3605; baseline -0.001 -23"><span class='ocrx_word' id='word_1_216' title='bbox 138 3513 226 3597; x_wconf 73' lang='grc' dir='ltr'>δυμει</span> <span class='ocrx_word' id='word_1_217' title='bbox 248 3520 331 3605; x_wconf 82' lang='lat' dir='ltr'>regis</span> <span class='ocrx_word' id='word_1_218' title='bbox 353 3517 507 3584; x_wconf 90' lang='lat' dir='ltr'>indutum</span> <span class='ocrx_word' id='word_1_219' title='bbox 531 3519 573 3596; x_wconf 90' lang='lat' dir='ltr'>ei,</span> <span class='ocrx_word' id='word_1_220' title='bbox 596 3554 633 3565; x_wconf 93' lang='lat'>-</span> <span class='ocrx_word' id='word_1_221' title='bbox 659 3529 803 3598; x_wconf 64' lang='grc' dir='ltr'>μαλιστα.</span> <span class='ocrx_word' id='word_1_222' title='bbox 830 3497 929 3604; x_wconf 81' lang='lat' dir='ltr'>igitur</span> <span class='ocrx_word' id='word_1_223' title='bbox 953 3524 1109 3604; x_wconf 73' lang='grc' dir='ltr'>φορουπες</span> <span class='ocrx_word' id='word_1_224' title='bbox 1131 3541 1214 3598; x_wconf 68' lang='grc' dir='ltr'>μνι-</span> 
     </span>
     <span class='ocr_line' id='line_1_28' title="bbox 135 3631 1215 3718; baseline -0.002 -22"><span class='ocrx_word' id='word_1_225' title='bbox 135 3655 221 3714; x_wconf 69' lang='lat' dir='ltr'>snpra</span> <span class='ocrx_word' id='word_1_226' title='bbox 236 3633 406 3718; x_wconf 68' lang='grc' dir='ltr'>ινὸυματων</span> <span class='ocrx_word' id='word_1_227' title='bbox 421 3631 597 3697; x_wconf 84' lang='lat' dir='ltr'>lueffahilis</span> <span class='ocrx_word' id='word_1_228' title='bbox 620 3645 654 3696; x_wconf 91' lang='lat' dir='ltr'>et</span> <span class='ocrx_word' id='word_1_229' title='bbox 667 3633 764 3718; x_wconf 89' lang='lat' dir='ltr'>primi</span> <span class='ocrx_word' id='word_1_230' title='bbox 778 3657 953 3716; x_wconf 75' lang='grc' dir='ltr'><strong>μυστηριου,</strong></span> <span class='ocrx_word' id='word_1_231' title='bbox 976 3631 1215 3696; x_wconf 88' lang='lat' dir='ltr'>dominantium</span> 
     </span>
     <span class='ocr_line' id='line_1_29' title="bbox 136 3744 1214 3834; baseline 0 -28"><span class='ocrx_word' id='word_1_232' title='bbox 136 3745 171 3806; x_wconf 91' lang='lat' dir='ltr'>in</span> <span class='ocrx_word' id='word_1_233' title='bbox 193 3744 255 3808; x_wconf 90' lang='lat' dir='ltr'>hos</span> <span class='ocrx_word' id='word_1_234' title='bbox 278 3767 402 3822; x_wconf 84' lang='lat' dir='ltr'>omnes,</span> <span class='ocrx_word' id='word_1_235' title='bbox 433 3749 490 3832; x_wconf 93' lang='lat' dir='ltr'>qui</span> <span class='ocrx_word' id='word_1_236' title='bbox 521 3746 708 3834; x_wconf 78' lang='lat' dir='ltr'>(pertinent)</span> <span class='ocrx_word' id='word_1_237' title='bbox 731 3745 775 3811; x_wconf 90' lang='lat' dir='ltr'>ad</span> <span class='ocrx_word' id='word_1_238' title='bbox 797 3745 1011 3820; x_wconf 86' lang='lat' dir='ltr'>altitudinem,</span> <span class='ocrx_word' id='word_1_239' title='bbox 1035 3757 1069 3809; x_wconf 86' lang='lat' dir='ltr'>et</span> <span class='ocrx_word' id='word_1_240' title='bbox 1091 3765 1214 3818; x_wconf 84' lang='lat' dir='ltr'>omnes,</span> 
     </span>
     <span class='ocr_line' id='line_1_30' title="bbox 139 3854 1390 3939; baseline 0.002 -25"><span class='ocrx_word' id='word_1_241' title='bbox 139 3855 195 3938; x_wconf 86' lang='lat' dir='ltr'>qui</span> <span class='ocrx_word' id='word_1_242' title='bbox 219 3855 405 3939; x_wconf 87' lang='lat' dir='ltr'>(pertinent)</span> <span class='ocrx_word' id='word_1_243' title='bbox 435 3857 478 3920; x_wconf 83' lang='lat' dir='ltr'>ad</span> <span class='ocrx_word' id='word_1_244' title='bbox 500 3859 611 3933; x_wconf 70' lang='lat' dir='ltr'>Boios?</span> <span class='ocrx_word' id='word_1_245' title='bbox 666 3857 747 3922; x_wconf 87' lang='lat' dir='ltr'>Post</span> <span class='ocrx_word' id='word_1_246' title='bbox 775 3857 855 3920; x_wconf 83' lang='lat' dir='ltr'>haec</span> <span class='ocrx_word' id='word_1_247' title='bbox 885 3857 975 3920; x_wconf 81' lang='lat' dir='ltr'>lesus</span> <span class='ocrx_word' id='word_1_248' title='bbox 997 3854 1111 3918; x_wconf 86' lang='lat' dir='ltr'>videns</span> <span class='ocrx_word' id='word_1_249' title='bbox 1141 3875 1214 3916; x_wconf 83' lang='lat' dir='ltr'>mu·</span> <span class='ocrx_word' id='word_1_250' title='bbox 1364 3883 1390 3930; x_wconf 75' lang='grc' dir='ltr'>χ</span> 
     </span>
     <span class='ocr_line' id='line_1_31' title="bbox 84 3963 1329 4051; baseline 0.001 -23"><span class='ocrx_word' id='word_1_251' title='bbox 84 3987 113 4028; x_wconf 80' lang='lat' dir='ltr'>as</span> <span class='ocrx_word' id='word_1_252' title='bbox 138 3965 262 4040; x_wconf 89' lang='lat' dir='ltr'>lierem,</span> <span class='ocrx_word' id='word_1_253' title='bbox 285 3988 369 4051; x_wconf 83' lang='lat' dir='ltr'>quae</span> <span class='ocrx_word' id='word_1_254' title='bbox 392 3970 483 4032; x_wconf 82' lang='lat' dir='ltr'>venit</span> <span class='ocrx_word' id='word_1_255' title='bbox 503 3993 664 4051; x_wconf 62' lang='lat' dir='ltr'>rurensis,</span> <span class='ocrx_word' id='word_1_256' title='bbox 686 3968 845 4046; x_wconf 73' lang='grc' dir='ltr'>εβειπιην</span> <span class='ocrx_word' id='word_1_257' title='bbox 868 3989 941 4031; x_wconf 84' lang='lat' dir='ltr'>eam</span> <span class='ocrx_word' id='word_1_258' title='bbox 960 3965 1065 4030; x_wconf 87' lang='lat' dir='ltr'>tribus</span> <span class='ocrx_word' id='word_1_259' title='bbox 1080 3963 1214 4042; x_wconf 83' lang='lat' dir='ltr'>vicibus,</span> <span class='ocrx_word' id='word_1_260' title='bbox 1253 3966 1329 4040; x_wconf 73' lang='lat'>312</span> 
     </span>
     <span class='ocr_line' id='line_1_32' title="bbox 139 4077 1214 4166; baseline 0.002 -24"><span class='ocrx_word' id='word_1_261' title='bbox 139 4101 341 4165; x_wconf 84' lang='lat' dir='ltr'>quamquam</span> <span class='ocrx_word' id='word_1_262' title='bbox 357 4101 424 4146; x_wconf 90' lang='lat' dir='ltr'>non</span> <span class='ocrx_word' id='word_1_263' title='bbox 439 4079 562 4146; x_wconf 77' lang='lat' dir='ltr'>fecerat</span> <span class='ocrx_word' id='word_1_264' title='bbox 576 4078 711 4166; x_wconf 83' lang='lat' dir='ltr'>dignum</span> <span class='ocrx_word' id='word_1_265' title='bbox 731 4079 954 4165; x_wconf 70' lang='grc' dir='ltr'>βιπισμισιν.</span> <span class='ocrx_word' id='word_1_266' title='bbox 990 4077 1101 4166; x_wconf 82' lang='lat' dir='ltr'>Atque</span> <span class='ocrx_word' id='word_1_267' title='bbox 1122 4103 1214 4166; x_wconf 67' lang='lat' dir='ltr'>rem</span> 
     </span>
     <span class='ocr_line' id='line_1_33' title="bbox 220 4213 1214 4305; baseline 0.008 -31"><span class='ocrx_word' id='word_1_268' title='bbox 220 4213 250 4276; x_wconf 83' lang='grc'>7.</span> <span class='ocrx_word' id='word_1_269' title='bbox 275 4241 424 4305; x_wconf 57' lang='lat' dir='ltr'>numeror</span> <span class='ocrx_word' id='word_1_270' title='bbox 449 4218 511 4297; x_wconf 81' lang='lat' dir='ltr'>(vel</span> <span class='ocrx_word' id='word_1_271' title='bbox 539 4219 728 4303; x_wconf 59' lang='lat' dir='ltr'>„nomene”</span> <span class='ocrx_word' id='word_1_272' title='bbox 750 4219 799 4296; x_wconf 86' lang='lat' dir='ltr'>P.)</span> <span class='ocrx_word' id='word_1_273' title='bbox 854 4219 882 4281; x_wconf 83' lang='grc'>9.</span> <span class='ocrx_word' id='word_1_274' title='bbox 910 4239 1058 4289; x_wconf 65' lang='lat' dir='ltr'>carrucae</span> <span class='ocrx_word' id='word_1_275' title='bbox 1084 4219 1147 4297; x_wconf 81' lang='lat' dir='ltr'>(vel</span> <span class='ocrx_word' id='word_1_276' title='bbox 1168 4239 1214 4296; x_wconf 82' lang='lat' dir='ltr'>„e</span> 
     </span>
     <span class='ocr_line' id='line_1_34' title="bbox 136 4315 1214 4408; baseline 0.005 -33"><span class='ocrx_word' id='word_1_277' title='bbox 136 4341 250 4384; x_wconf 72' lang='lat' dir='ltr'>eonem</span> <span class='ocrx_word' id='word_1_278' title='bbox 271 4319 319 4396; x_wconf 90' lang='lat' dir='ltr'>P.)</span> <span class='ocrx_word' id='word_1_279' title='bbox 374 4321 423 4383; x_wconf 83' lang='lat'>18.</span> <span class='ocrx_word' id='word_1_280' title='bbox 444 4322 470 4382; x_wconf 88' lang='lat' dir='ltr'>si</span> <span class='ocrx_word' id='word_1_281' title='bbox 492 4321 579 4382; x_wconf 85' lang='lat' dir='ltr'>decet</span> <span class='ocrx_word' id='word_1_282' title='bbox 600 4319 713 4396; x_wconf 86' lang='lat' dir='ltr'>„decet</span> <span class='ocrx_word' id='word_1_283' title='bbox 731 4315 788 4380; x_wconf 81' lang='grc' dir='ltr'>δι”</span> <span class='ocrx_word' id='word_1_284' title='bbox 809 4321 860 4400; x_wconf 82' lang='lat' dir='ltr'>P.)</span> <span class='ocrx_word' id='word_1_285' title='bbox 912 4321 961 4381; x_wconf 77' lang='lat'>22.</span> <span class='ocrx_word' id='word_1_286' title='bbox 982 4341 1129 4408; x_wconf 67' lang='grc' dir='ltr'><strong><em>μυστηριον</em></strong></span> <span class='ocrx_word' id='word_1_287' title='bbox 1151 4319 1214 4399; x_wconf 81' lang='lat' dir='ltr'>(rel</span> 
     </span>
     <span class='ocr_line' id='line_1_35' title="bbox 137 4419 1177 4504; baseline 0.006 -29"><span class='ocrx_word' id='word_1_288' title='bbox 137 4419 327 4504; x_wconf 72' lang='grc' dir='ltr'><em>,,μυπηρκι”</em></span> <span class='ocrx_word' id='word_1_289' title='bbox 348 4420 400 4501; x_wconf 83' lang='grc' dir='ltr'>Ρ.)</span> <span class='ocrx_word' id='word_1_290' title='bbox 441 4419 493 4484; x_wconf 73' lang='lat'>25.</span> <span class='ocrx_word' id='word_1_291' title='bbox 514 4419 592 4484; x_wconf 70' lang='lat' dir='ltr'>haud</span> <span class='ocrx_word' id='word_1_292' title='bbox 613 4419 726 4482; x_wconf 78' lang='lat' dir='ltr'>iaciunt</span> <span class='ocrx_word' id='word_1_293' title='bbox 747 4419 836 4499; x_wconf 74' lang='lat' dir='ltr'>(haud</span> <span class='ocrx_word' id='word_1_294' title='bbox 857 4431 985 4504; x_wconf 72' lang='lat' dir='ltr'>potsunt</span> <span class='ocrx_word' id='word_1_295' title='bbox 1005 4419 1101 4484; x_wconf 76' lang='lat' dir='ltr'>latete</span> <span class='ocrx_word' id='word_1_296' title='bbox 1126 4419 1177 4498; x_wconf 81' lang='grc' dir='ltr'>Ρ.)</span> 
     </span>
    </p>
   </div>
   <div class='ocr_carea' id='block_1_3' title="bbox 994 4529 1008 4559">
    <p class='ocr_par' dir='ltr' id='par_1_3' title="bbox 994 4529 1008 4559">
     <span class='ocr_line' id='line_1_36' title="bbox 994 4529 1008 4559; baseline 0 0"><span class='ocrx_word' id='word_1_297' title='bbox 994 4529 1008 4559; x_wconf 66' lang='grc' dir='ltr'>Ι</span> 
     </span>
    </p>
   </div>
   <div class='ocr_carea' id='block_1_4' title="bbox 0 0 1624 5328">
    <p class='ocr_par' dir='ltr' id='par_1_4' title="bbox 0 0 1624 5328">
     <span class='ocr_line' id='line_1_37' title="bbox 0 0 1624 5328; baseline 0 1"><span class='ocrx_word' id='word_1_298' title='bbox 0 0 1624 5328; x_wconf 95' lang='lat' dir='ltr'> </span> 
     </span>
    </p>
   </div>
  </div>
 </body>
</html>
