3240 5328
122 679 235 724 eornm
264 671 379 748 capnt,
409 655 600 748 praedicans
632 681 706 736 eos,
740 657 833 725 flavit
860 661 895 724 in
925 681 1040 725 eorum
1071 659 1193 728 oculos.

119 771 209 836 Dixit
230 771 319 838 Iesus
342 775 396 837 iis:
425 771 596 860 adspicite,
626 772 751 849 videte,
783 772 862 858 quid
883 773 1031 838 videatis.
1076 774 1121 839 Et
1143 788 1193 838 at-

118 885 269 950 tollentes
293 907 370 950 suos
395 886 506 951 oculos
529 885 683 952 viderunt
697 908 854 976 magnum
868 885 989 962 lumen,
1013 885 1192 951 admodum
1231 883 1305 960 373

119 996 248 1084 grande,
272 998 362 1084 quod
384 1000 490 1064 incola
513 1013 620 1065 terrae
641 1000 729 1064 haud
745 1003 867 1086 poterit
882 1002 1071 1088 exprimere.
1102 1001 1193 1065 Dixit

80 1135 94 1173 s
120 1110 224 1176 adhuc
236 1115 274 1176 iis
286 1116 421 1177 iterum:
438 1117 613 1200 prospicite
625 1116 658 1177 in
669 1114 801 1189 lumine,
812 1111 930 1190 videte,
949 1113 1029 1200 quid
1043 1113 1191 1179 videatis.

117 1225 292 1291 Dixerunt:
313 1225 496 1293 videmus
488 1249 594 1313 rgnem
618 1240 652 1292 et
674 1249 795 1312 aquam
819 1231 980 1292 etvinum
1004 1240 1037 1292 et
1060 1231 1190 1314 sangui·

117 1361 201 1403 nem
239 1340 329 1404 Dixit
350 1340 450 1417 Iesus,
474 1340 564 1426 quod
588 1340 781 1424 ιιβεριιμενθω
796 1354 856 1417 est
880 1339 922 1404 ad
946 1361 1023 1405 suos
1037 1340 1190 1426 μιιθητιιςε
1270 1353 1415 1516 ΨΧ
1367 1330 1543 1438 iffi)

117 1455 208 1533 ιίμην,
232 1451 297 1516 dixi
319 1452 428 1518 vobis.
457 1453 547 1519 haud
570 1453 691 1519 adduxi
721 1453 937 1541 quidquam
928 1477 963 1518 m
991 1481 1103 1540 κοσμιν
1133 1477 1191 1521 ve·

117 1568 223 1641 niens,
251 1569 312 1631 nisi
335 1567 454 1631 hunc
444 1589 552 1654 ignem
576 1581 609 1632 et
629 1568 713 1631 hanc
738 1589 858 1654 aquam
882 1579 915 1630 et
936 1567 999 1630 hoc
1021 1570 1135 1631 vinnm
1158 1582 1192 1632 et
1276 1552 1283 1577 ‘

66 1704 93 1745 n
118 1679 204 1743 hunc
228 1683 427 1767 sanguinem.
471 1680 600 1746 Deduxi
630 1703 751 1768 aquam
779 1694 811 1744 et
839 1684 946 1767 ignem
977 1683 1010 1743 in
1037 1707 1117 1767 τοπῳ
1139 1681 1190 1745 lu-

116 1795 211 1858 minis
234 1793 410 1871 luminum‚
441 1794 577 1882 θησαυρῳ
599 1795 746 1871 luminis,
777 1793 896 1858 deduxi
924 1797 1038 1858 vinum
1062 1807 1094 1858 et
1116 1817 1193 1858 san-.

117 1910 248 1994 guinem
271 1912 305 1972 in
328 1935 408 1995 τοπῳ
427 1910 608 1993 Βαρβηλους
633 1923 667 1973 et
687 1921 765 1996 post
785 1930 927 1996 parvum
949 1921 1078 1994 tempus
1098 1931 1189 1974 meus

116 2034 211 2110 pater
234 2025 323 2086 misit
345 2024 422 2086 mihi
445 2051 566 2098 πνευμιι.
589 2036 747 2098 sanctum,
773 2049 858 2110 roxp
881 2022 1061 2094 columbae.
1105 2021 1189 2110 Ignis

31 2209 37 2218 ι
117 2133 148 2200 dc
173 2147 206 2200 et
229 2157 315 2222 aqua
338 2149 372 2201 et
386 2139 499 2201 vinum
515 2136 602 2200 facta
624 2149 700 2200 sunt
714 2135 909 2222 κωθαριζιντιι
931 2149 1065 2224 peccata
1082 2139 1191 2202 omnia

65 2275 91 2316 rc
118 2273 252 2332 κισμου;
277 2253 406 2337 sanguis
431 2272 562 2337 quoqne
590 2249 654 2313 fuit
675 2250 754 2314 mihi
782 2253 910 2338 signum
939 2265 1075 2340 propter
1097 2279 1191 2338 σωμιι

117 2366 242 2449 generis
265 2363 408 2428 humani.
453 2364 571 2452 Accepi
595 2387 670 2429 eum
692 2367 727 2428 in
749 2391 830 2452 τοπῳ
849 2365 1023 2449 Βιρβηλιυ,
1052 2389 1189 2453 magnae
1247 2345 1250 2352 Ι

116 2474 269 2560 δυναμεως
289 2505 416 2562 asparso
447 2477 507 2542 dei.
552 2487 680 2564 Πιευμιι
709 2501 842 2566 quoque
871 2477 1005 2542 attrahit
1033 2501 1071 2542 ea
1093 2479 1189 2569 ψυχῃ

117 2594 221 2668 οιιιιιί,
259 2591 379 2656 ducens
410 2615 464 2657 cas
493 2595 527 2656 in
555 2619 642 2658 τοτιν
671 2593 813 2657 luminis.
863 2591 1003 2678 Propter
1031 2591 1094 2656 hoc
1124 2590 1190 2656 dixi

116 2703 225 2771 vobis:
254 2709 330 2770 veni
354 2705 396 2770 ad
418 2705 626 2769 iniiciendum
651 2709 760 2791 ignem
788 2709 823 2768 in
844 2717 982 2782 terram,
1014 2706 1104 2794 quod
1126 2705 1190 2772 hoc

61 2845 89 2886 sc
117 2832 180 2883 est:
211 2822 285 2883 veni
308 2819 471 2904 καθωριζειν
499 2831 632 2903 peccata
659 2843 775 2900 κισμου
802 2821 904 2882 totius
931 2822 1020 2904 igne,
1052 2834 1085 2884 et
1106 2821 1190 2886 hanc
1227 2848 1245 2888 κ

116 2932 252 2998 obrem
276 2933 342 2996 dixi
365 2929 567 2996 Samaritidi:
599 2934 625 2994 si
649 2951 825 3017 cognosces
855 2928 971 3015 dopcav·
986 2931 1037 2996 dei
1061 2935 1189 3017 etquis

115 3045 234 3111 dixerit
254 3045 323 3122 cibi,
346 3044 406 3122 fer,
429 3059 466 3109 ut
488 3043 609 3121 bibam,
637 3043 753 3110 fuisses
777 3071 904 3110 cirson
928 3065 1012 3120 eum,
1035 3057 1074 3107 ut
1096 3042 1190 3110 daret
1227 3039 1302 3116 374

114 3160 174 3226 tibi
198 3182 318 3247 aquarn
343 3163 466 3236 vivam,
495 3173 534 3223 ut
562 3173 647 3224 esset
670 3159 727 3224 tibi
751 3185 830 3244 πηγη
859 3160 950 3222 inte
974 3157 1123 3223 exsiliens
1147 3157 1189 3223 ad

114 3278 218 3341 vitam
234 3289 416 3352 aeternam
440 3287 538 3360 atque
555 3277 652 3339 etiam
672 3287 809 3361 propter
824 3272 887 3336 hoc
910 3294 1040 3337 sumens
1057 3271 1189 3336 calicem

60 3415 87 3456 ao
114 3393 191 3466 vini,
210 3388 396 3477 praedicavi
420 3409 505 3465 eum,
529 3386 603 3452 dedi
615 3411 691 3453 eum
703 3387 807 3463 vobis,
831 3385 921 3473 quod
933 3386 984 3448 hic
997 3389 1188 3473 estsanguis

114 3501 265 3580 cincinnus,
295 3525 391 3590 quem
415 3501 586 3567 effundent
606 3523 668 3589 pro
692 3501 786 3566 vobis
816 3500 858 3566 sd
884 3503 1110 3566 remissionem
1130 3523 1189 3566 vc·
1206 3521 1229 3570 -t

114 3631 259 3684 strorum
281 3631 507 3706 peccatorum,
516 3595 637 3704 atque
665 3619 763 3682 etiam
792 3631 928 3704 propter
956 3615 1055 3680 hoc'
1045 3618 1189 3681 immise-

112 3747 193 3796 runt
207 3747 328 3818 λογχηι
349 3733 383 3794 in
406 3754 518 3797 meum
540 3732 635 3797 latus.
665 3732 754 3797 Exiit
769 3755 855 3818 aqua
872 3745 905 3797 et
925 3734 1065 3815 sangnis
1099 3729 1188 3794 Haec

114 3841 146 3908 δε
170 3855 246 3906 sunt
268 3867 416 3927 μυστηριιι
438 3845 579 3919 luminis,
602 3847 800 3908 remittentis
821 3855 969 3928 peccata,
993 3860 1077 3924 quae
1099 3842 1189 3924 ipsae

59 3983 86 4023 so
116 3967 194 4021 sunt
217 3979 373 4040 ονιμιισιιιι
397 3967 430 4019 et
451 3957 585 4016 nomina
599 3954 739 4017 luminis.
774 3953 910 4015 Factum
930 3953 1093 4036 igiturest
1111 3965 1189 4037 post

112 4071 194 4135 haee
229 4081 366 4134 ικελενσε
395 4067 498 4132 Iesus:
539 4064 678 4151 iovapnc
708 4087 822 4131 omnes
853 4067 1002 4129 sinistrae
1038 4063 1080 4127 ad
1110 4085 1188 4128 suos

113 4207 230 4256 τοπιυς.
279 4183 388 4270 Atque
418 4181 507 4247 Iesus
539 4183 673 4267 eiusque
707 4178 841 4266 patarea
869 4191 1062 4244 manserunt
1091 4199 1190 4266 super

199 4413 227 4474 8.
249 4410 308 4473 dixi
330 4411 414 4491 (dico
434 4410 485 4488 P.)
545 4409 597 4471 ³1.
621 4409 758 4471 sinistrae
779 4407 857 4489 (add.
880 4407 1027 4487 „cmo”
1047 4407 1096 4485 P.)
1186 4451 1189 4460 ,
