3254 5340
992 469 1057 538 128

488 649 589 716 distat
620 648 662 715 ab
697 647 759 714 eo?
810 660 869 714 aut
900 651 1029 736 quoties
1063 649 1181 714 maiori
1217 646 1334 714 lumine
1365 661 1409 714 est
1435 671 1511 736 qnam

487 764 592 830 iste?”
630 761 844 850 Respondens
866 763 956 828 lesus
980 763 1061 828 dixit
1076 764 1196 828 Mariae
1217 768 1251 828 in
1264 762 1371 828 mediis
1385 761 1510 847 μιθητιιςε

488 883 599 957 „rinna
623 883 703 959 ἀμην
727 877 799 942 dico
822 877 930 942 vobis:
955 877 1117 942 secundus
1140 904 1328 961 repertam
1341 891 1466 942 remotus
1478 891 1512 942 est

488 995 637 1082 aprime
661 1017 840 1082 παραπωτῃ
863 1014 982 1078 magna
1006 990 1175 1068 distantia,
1210 995 1261 1056 cui
1287 991 1371 1056 nulla
1394 1013 1512 1054 mensura

488 1105 598 1193 quoad
622 1105 826 1170 altitudinem
851 1127 995 1179 sursum,
1020 1118 1052 1169 et
1076 1106 1185 1192 quoad
1200 1107 1412 1182 humilitatem,
1432 1103 1539 1190 quoads

486 1221 578 1298 βαθος
591 1233 624 1284 et
639 1207 749 1305 quoad
763 1218 1001 1310 longitndinem
1014 1233 1046 1284 et
1058 1219 1271 1284 latitudinem.
1287 1220 1442 1284 ¹Remotns
1452 1221 1513 1282 enim

488 1331 574 1420 (γαρ)
599 1346 648 1397 est
671 1332 712 1397 ab
737 1355 775 1397 eo
800 1336 940 1397 maxime
963 1355 1083 1420 magna
1099 1333 1265 1410 distantia,
1289 1337 1338 1398 cui
1357 1334 1513 1398 nullamen·

487 1469 563 1511 sura
575 1449 677 1511 iuxta
694 1459 854 1532 amentur
871 1461 903 1511 et
918 1460 1148 1532 αρχωγγελουε,
1171 1463 1206 1513 et
1219 1452 1308 1513 iuxta
1324 1447 1395 1512 deos
1409 1461 1436 1511 et
1448 1471 1512 1529 erpa·
1565 1487 1566 1494 κ

372 1553 442 1626 901
486 1587 552 1632 τους
575 1583 701 1637 omnes,
726 1575 759 1626 et
780 1564 886 1626 maior
910 1574 959 1625 est
980 1561 1036 1626 illo
1059 1584 1158 1648 quam
1179 1566 1319 1628 maxime
1339 1565 1371 1626 in
1389 1581 1512 1632 mensura,

485 1678 537 1740 cui
568 1675 676 1740 nulius
712 1662 868 1740 numerus
898 1677 989 1739 iuxta
1019 1690 1173 1761 αγγελους
1204 1691 1237 1742 et
1267 1678 1470 1762 αρχωγγὲλουε,
1492 1683 1540 1736 ttt

425 1787 452 1836 i<
484 1793 578 1854 iuxta
593 1790 672 1854 deos
697 1802 730 1854 et
753 1815 895 1874 asparem
919 1812 1048 1866 omnes,
1072 1803 1105 1855 et
1119 1794 1237 1856 maiori
1257 1791 1373 1860 lumine
1388 1802 1514 1872 estqum

483 1904 547 1980 ille,
568 1907 605 1968 in
627 1902 737 1980 modo,
761 1906 812 1968 eui
835 1903 925 1968 nulla
948 1917 998 1968 est
1020 1926 1189 1982 mensura,
1214 1908 1432 1993 maximopere,
1451 1899 1515 1964 nuta

483 2041 638 2083 mensura
660 2017 800 2095 luminis,
823 2020 939 2103 inquo
964 2031 1028 2094 est,
1051 2019 1142 2084 nulla
1164 2043 1318 2085 mensura
1340 2022 1366 2084 ei
1385 2022 1463 2082 iuxta
1474 2039 1514 2098 ιγ

483 2145 591 2216 γελους
615 2143 647 2195 et
671 2145 904 2217 αρχαγγελους,
933 2145 966 2197 et
986 2135 1077 2197 iuxta
1101 2133 1179 2198 deos
1210 2148 1245 2198 et
1266 2159 1401 2219 asparem
1424 2149 1515 2199 omnes,

482 2269 565 2310 κατα
587 2243 740 2320 modum,
764 2248 919 2330 quoiam
943 2245 1009 2310 dixi
1030 2247 1124 2312 vobis
1148 2247 1212 2313 alio
1239 2263 1390 2337 tempore.
1417 2250 1542 2328 'Oeensi

483 2379 614 2443 quoque
637 2360 752 2422 tertius
776 2384 970 2441 resperserat
1001 2373 1034 2425 et
1062 2376 1198 2448 quartus
1232 2377 1265 2428 et
1292 2369 1429 2450 quintus,
1458 2357 1516 2420 alter

482 2485 532 2537 est
558 2474 663 2536 maior
692 2471 794 2536 altero
826 2473 916 2536 nulla
944 2496 1115 2551 mensura,
1146 2489 1179 2541 et
1209 2492 1262 2542 est
1292 2479 1401 2542 maiori
1425 2474 1517 2538 lumine

483 2608 582 2671 quam
601 2589 674 2661 iste,
699 2598 731 2650 et
753 2599 899 2652 remotus
924 2588 965 2652 ab
993 2611 1032 2654 eo
1055 2613 1175 2680 magna
1198 2591 1367 2668 distantia,
1389 2592 1434 2654 eui
1452 2583 1516 2650 nulia

478 2721 634 2763 mensura
656 2701 748 2763 iuxta
771 2717 924 2784 αγγελους
946 2715 980 2766 et
1003 2719 1225 2790 αρχαγγιλους
1249 2720 1283 2772 et
1307 2707 1381 2772 deos
1403 2717 1432 2769 et
1451 2727 1515 2781 arpe-

478 2837 524 2882 τος
548 2835 660 2878 omnes
684 2841 767 2879 sare
792 2795 945 2900 modum,
977 2840 1042 2904 quo
1071 2821 1138 2883 iam
1161 2819 1229 2884 dixi
1258 2821 1350 2888 vobis
1377 2819 1433 2884 alio
1458 2829 1540 2879 ten-t

479 2947 577 3015 pore,
606 2908 711 3014 atque¹
730 2932 829 2994 etiam
858 2929 963 2995 dicam
992 2932 1087 2997 vobis
1117 2960 1206 2999 τυπον
1238 2927 1515 3018 uniuseui'usqueit

479 3044 794 3126 suaemanationel'
831 3044 969 3109 Factum
992 3049 1092 3133 igitur
1113 3061 1175 3124 est,
1200 3071 1304 3135 quum
1319 3049 1404 3114 lesus
1425 3062 1514 3110 cessas

478 3171 528 3222 set
555 3156 662 3222 dicere
692 3157 771 3222 haee
801 3158 903 3223 verba
938 3163 1004 3224 suis
1034 3160 1196 3244 μωθητωις,
1231 3187 1401 3252 progressa
1426 3163 1514 3224 iterum

476 3270 579 3336 Maria
602 3271 793 3359 Magdalena
814 3276 957 3360 perrexit
980 3274 1086 3340 dicere
1108 3275 1197 3342 lesu:
1227 3283 1298 3355 „mi
1326 3278 1458 3347 domine,
1481 3287 1515 3332 st·

476 3387 630 3472 cipientes
653 3412 808 3468 μυστηριιν
830 3386 960 3452 luminis
985 3411 1129 3475 quonam
1151 3418 1237 3479 τυπῳ
1261 3406 1358 3458 erunt
1377 3363 1408 3454 in
1428 3387 1539 3450 ultimo!

474 3497 661 3585 repanffl
706 3499 921 3584 Respondens
945 3502 980 3568 de
1007 3502 1096 3568 lesus
1121 3504 1201 3569 dlxit
1229 3507 1352 3572 Mariae
1379 3509 1411 3568 in
1430 3497 1515 3566 mediis

473 3605 635 3690 μωθητακε
659 3615 870 3698 „accipientes
893 3640 1042 3700 μυστηριιι
1065 3617 1211 3695 luminis,
1236 3644 1340 3705 quum
1356 3617 1463 3707 egressi
1481 3610 1516 3674 su·

299 3775 334 3855 Χ
360 3710 435 3784 902
475 3723 559 3788 erint
574 3744 591 3786 e
609 3749 729 3800 σωμιτι
747 3728 844 3811 ὑλικῳ
864 3753 1022 3810 ιρχεντων,
1045 3736 1271 3819 unusquisque
1286 3762 1369 3800 aare
1382 3747 1515 3830 μυςτπριῦνι

399 3881 403 3888 -
474 3835 564 3924 quod
592 3841 730 3925 accepit,
762 3842 823 3904 erit
852 3841 885 3904 in
916 3845 985 3908 eius
1016 3843 1108 3934 τιξει.
1159 3847 1372 3934 decipientes·
1392 3861 1516 3930 μυστηριιῑ

472 3947 580 4042 ipsum
603 3953 779 4031 excelsum,
814 3956 994 4022 manebunt
1015 3961 1050 4022 in
1072 3955 1155 4049 τωξει
1179 3963 1319 4040 excelsa,
1354 3959 1541 4048 accipientes!

470 4069 541 4154 ipsa
563 4095 714 4157 μυστηρια
735 4068 899 4147 inferiora,
925 4071 1105 4137 manebunt
1127 4077 1161 4138 in
1183 4073 1301 4164 τωξεσιν
1322 4071 1515 4140 inferioribus

388 4199 390 4204 ’
471 4177 560 4270 rixa}
586 4184 705 4261 οἱπλως,
723 4186 827 4250 ¹cuius
850 4184 912 4250 loci
943 4189 1168 4274 unusquisque
1195 4194 1355 4280 acceperit
1379 4204 1516 4277 μυστηρίῡῐι

551 4408 603 4472 25.
630 4413 660 4474 in
683 4413 790 4478 ultimo
812 4418 858 4497 (in
881 4419 979 4482 medio
1001 4420 1107 4485 ultimo
1131 4423 1183 4502 P.)
