3254 5340
656 485 721 554 117

144 663 234 731 Iesus
259 662 340 730 dixit
362 665 405 729 ei:
436 662 606 752 „explora,
634 665 724 754 quod
751 669 802 733 vis
826 661 1011 758 explorare,
1034 683 1069 738 et
1090 693 1150 762 ego
1172 695 1226 742 re·

143 779 264 844 volabo
287 779 321 843 id
344 777 403 842 tibi
426 781 461 842 in
484 777 650 865 diligentia
678 795 711 846 et
734 791 907 872 ασφαλιιφ.
936 788 1026 865 ἀμην,
1046 789 1128 873 ἀμην
1151 787 1224 854 dieo

144 892 255 958 vobis:
287 893 426 980 gaudete
449 895 483 956 in
510 916 630 980 magno
661 895 779 981 gaudio
810 909 843 961 et
869 898 1035 964 laetamini
1063 905 1224 967 maximo-

145 1029 241 1093 pere,
274 1007 480 1094 explorantes
503 1029 556 1070 res
588 1030 700 1072 omnes
731 1013 764 1072 in
797 1010 975 1097 diligentia,
1013 1027 1046 1077 et
1076 1013 1225 1081 laetabor

7 1161 10 1186 ,»
104 1143 119 1182 s
146 1123 385 1207 maximopere,
413 1119 503 1205 quod
526 1121 702 1207 exploratis
724 1145 777 1188 res
801 1146 914 1189 omnes
936 1128 970 1188 in
994 1125 1167 1213 diligentia,
1190 1139 1224 1192 et

146 1234 322 1322 exploratis
357 1233 474 1309 modo,
512 1256 578 1320 quo
616 1236 786 1322 explorare
830 1237 931 1303 decet.
988 1239 1082 1303 Nunc
1122 1243 1223 1326 igitur

146 1369 277 1432 quaere,
293 1347 383 1433 quod
395 1347 555 1435 exploras,
577 1361 610 1412 et
621 1349 774 1414 revelabo
790 1349 824 1414 id
834 1349 893 1414 tibi
910 1350 1057 1438 gaudio.”
1083 1353 1223 1420 Factum
1263 1343 1335 1417 183

7 1499 12 1536 ἰ
146 1463 332 1546 igiturest,
361 1483 463 1548 quum
487 1462 589 1526 Maria
613 1463 757 1528 audisset
778 1464 858 1528 haee
880 1464 995 1540 verba,
1031 1489 1115 1552 quae
1140 1466 1222 1532 dixit

147 1599 258 1652 rum,
287 1573 407 1638 laetata
428 1599 548 1662 magna
570 1576 702 1668 laetitia
717 1591 749 1641 et
772 1581 882 1664 gavisa
904 1583 1143 1668 maximopere,
1171 1580 1220 1646 di-

7 1732 15 1768 ,
91 1711 119 1754 ro
145 1691 194 1752 xit
215 1687 304 1751 lesu:
332 1692 403 1763 „mi
426 1688 557 1754 domine
582 1703 614 1754 et
635 1694 681 1754 mi
709 1703 816 1774 rornp',
847 1713 992 1778 quonam
1019 1693 1120 1758 modo
1144 1706 1222 1760 sunt

142 1803 256 1889 viginti
294 1813 438 1888 quatuor
473 1829 607 1884 arpason,
651 1817 685 1869 et
721 1826 865 1891 quonam
905 1819 981 1872 sunt
1017 1806 1123 1894 τυπῳΡ
1162 1819 1220 1872 aut

144 1939 288 2002 quanam
324 1929 401 1981 sunt
438 1918 564 2006 speeie?
602 1931 660 1981 aut
696 1941 840 2003 quanam
873 1923 980 2006 speeie
1016 1933 1066 1985 est
1103 1941 1219 1986 eorum

142 2031 298 2094 lumen?’'
344 2031 558 2120 Respondens
587 2029 618 2096 de
646 2031 736 2096 lesus
767 2032 849 2096 dixit
875 2033 1010 2097 Mariae:
1038 2034 1142 2120 „quid
1170 2046 1221 2099 est

143 2147 179 2207 in
201 2142 264 2206 hoo
287 2171 410 2230 κοσμῳ,
442 2145 531 2232 quod
561 2159 611 2209 est
639 2145 744 2210 simile
764 2147 825 2210 iis?
864 2160 922 2211 aut
950 2150 1022 2233 quis
1054 2161 1104 2213 est
1131 2169 1220 2218 roaros

7 2345 8 2348 Ἴ
90 2283 117 2323 ra
144 2261 179 2320 in
201 2257 264 2321 hoc
287 2283 408 2344 κοσμῳ,
433 2261 487 2344 qui
512 2272 562 2323 est
584 2259 695 2323 similis
717 2261 778 2323 iis?
823 2259 916 2324 Nunc
937 2263 1050 2348 igitur,
1075 2283 1219 2348 quotum
1289 2285 1290 2290 ¹

145 2371 343 2459 comparabo
368 2372 445 2436 eos?
470 2351 527 2436 aut
551 2372 630 2459 quid
652 2387 710 2450 est,
735 2374 825 2460 quod
841 2373 947 2438 dicam
963 2374 1003 2439 de
1024 2374 1084 2440 iis?
1119 2373 1223 2441 Haud·

143 2491 297 2572 uniquam
320 2513 379 2572 γαρ
403 2489 437 2549 in
459 2487 522 2550 hoo
545 2513 652 2574 κοσμῳ
675 2487 866 2553 adsimilabo
890 2511 961 2564 eos,
984 2510 1091 2575 neque
1112 2487 1219 2554 ullum

142 2601 214 2668 ridet
235 2603 269 2664 in
293 2623 348 2676 eo,
379 2599 468 2686 quod
491 2605 603 2687 possit
617 2601 766 2688 όμυιωζειν
788 2607 836 2668 iis.
881 2581 974 2668 Nunc
1002 2605 1100 2690 igitur
1126 2599 1217 2666 haud

145 2714 325 2800 quidquam
351 2717 386 2776 in
414 2713 477 2777 hoc
507 2741 629 2802 κοσμῳ,
664 2715 753 2802 quod
787 2720 828 2780 sit
851 2720 956 2805 specie
979 2716 1067 2781 caeli.
1109 2719 1216 2800 Ἀμην,

89 2853 117 2894 so
145 2827 218 2894 dieo
241 2826 350 2890 vobis:
377 2831 601 2914 unusquisque
626 2855 748 2910 aoporos
770 2832 877 2892 maior
899 2843 949 2893 est
968 2853 1068 2916 quam
1091 2831 1217 2894 eaelum

8 2912 18 2934 l
145 2956 179 3006 et
201 2951 337 3028 σφωιρω,
369 2963 452 3026 quae
476 2963 574 3028 super
595 2941 693 3018 illud,
726 2956 759 3006 et
789 2941 962 3006 duodecim
992 2951 1090 3012 acures
1120 2941 1217 3006 simul

143 3060 266 3132 novies,
290 3081 371 3120 aare
388 3055 538 3131 modum,
563 3077 662 3141 quem
684 3059 751 3119 iam
774 3055 839 3119 dixi
861 3054 955 3120 vobis
979 3054 1042 3118 alio
1058 3067 1217 3141 tempore,

141 3191 248 3256 neque
279 3169 347 3234 ulla
376 3169 434 3232 lux
469 3174 503 3232 in
536 3170 599 3232 hot
628 3196 735 3255 κοσμῳ
770 3171 990 3258 praestantior
1024 3167 1096 3232 luce
1130 3145 1216 3232 solis.

140 3287 247 3358 'Aona
271 3288 360 3360 dour,
384 3283 456 3347 dico
479 3279 588 3368 vobisf:
615 3285 729 3370 viginti
753 3297 896 3368 quatuor
919 3297 1037 3368 soporat
1053 3281 1216 3346 suntluts

8 3377 10 3392 .
90 3423 118 3464 aa
144 3401 372 3486 praestantiori
396 3419 496 3482 quam
518 3396 630 3460 lumen
654 3397 746 3473 solis,
775 3400 833 3483 qui
854 3401 889 3460 in
910 3397 973 3461 hoo
995 3394 1137 3472 mundo,
1160 3394 1216 3460 de·

145 3515 207 3576 cies
237 3511 369 3588 millies,
403 3537 486 3577 nora
516 3510 669 3586 modum,
705 3533 803 3598 quem
832 3515 899 3575 iam
932 3511 997 3575 dixi
1026 3511 1121 3576 vobis
1152 3510 1216 3575 olio
1258 3499 1330 3574 184

142 3640 302 3714 tempora
326 3638 502 3713 propterea
519 3623 609 3709 quod
632 3625 743 3689 lumen
765 3626 841 3691 solis
863 3629 898 3690 in
922 3649 980 3690 sua
999 3623 1124 3714 uaniora
1142 3651 1217 3712 μορ-

143 3750 202 3827 pe<
225 3763 294 3804 non
317 3753 368 3804 est
389 3742 423 3802 in
445 3737 507 3802 hoc
522 3765 617 3825 τοπῳ,
642 3743 798 3826 quoniam
813 3767 873 3825 γαρ
888 3743 1006 3806 transit
1021 3744 1090 3805 eius
1105 3741 1218 3805 lumen

142 3854 249 3916 multa
278 3879 549 3934 καταπιτασματιι
574 3880 685 3930 texor,
719 3869 809 3920 αλλσ.
839 3855 951 3920 lumen
968 3863 970 3866 ’
986 3853 1062 3917 solis
1092 3854 1127 3914 in
1156 3873 1218 3915 sua

12 4047 14 4052 Ι
90 3991 117 4032 tt
145 3965 272 4053 αληθειφ
292 3974 426 4049 μομφῆς,
457 3989 541 4052 quat
572 3981 621 4032 est
650 3971 685 4031 in
713 3995 795 4054 τοτῳ
820 3965 961 4050 aspirato
989 3964 1137 4039 ltuninis,
1168 3975 1218 4028 est

8 4053 11 4058 Ι
143 4081 217 4144 luce
247 4079 364 4142 maiori
395 4067 507 4166 quam*
524 4085 638 4167 viginti
667 4093 810 4167 quatuor
840 4103 959 4163 anparai
989 4089 1088 4162 atque
1119 4079 1217 4142 etiam

141 4217 281 4283 magnus
305 4220 461 4287 aptxarup
482 4221 606 4282 separet
633 4207 731 4282 atque
761 4196 859 4260 etiam
888 4191 970 4257 alius
998 4213 1136 4281 magnus
1158 4218 1216 4282 xpt-

222 4429 274 4490 21.
297 4439 328 4492 et
348 4430 506 4494 duodecim
527 4433 631 4514 (atque
652 4431 740 4494 etiam
760 4429 916 4494 duodecim
936 4431 988 4510 P.)
