3254 5340
627 483 692 550 129

119 662 264 732 manebit
284 661 319 728 in
342 662 412 728 eins
435 656 518 750 rufin
540 663 575 728 in
596 671 778 749 κληρονομιφ
799 657 941 727 luminis.
982 661 1033 729 De
1055 659 1118 730 hoc
1140 663 1199 750 igi·

120 793 172 844 tur
196 778 262 843 dixi
287 776 379 842 vobis
405 776 498 840 olim:
528 775 642 852 „loco‚
675 797 742 862 quo
774 787 824 840 est
852 789 1002 841 vestrum
1030 797 1103 855 cor,
1138 780 1200 844 erit

121 915 252 980 quoque
275 890 320 955 ibi
335 903 446 956 vester
468 890 661 974 thesaurus„⁸
676 889 766 975 qnod
790 869 869 1004 estf
880 893 971 956 cuius
994 891 1058 956 loci
1081 917 1199 976 μυστη-

120 1033 175 1093 ριον
203 1008 430 1091 unusquisque
468 1004 641 1090 acceperit,
675 1002 822 1068 manebit
848 1003 922 1068 ihi.”
973 1004 1111 1070 Factum
1139 1018 1198 1082 est,

84 1146 97 1185 s
124 1141 225 1208 quum
258 1119 349 1184 lesus
366 1129 538 1183 -cessasset
568 1116 674 1181 dicere
704 1116 784 1181 haec
812 1116 916 1182 verba
944 1120 1010 1183 suis
1040 1116 1199 1202 μιθητιις,

122 1255 313 1323 progressus
336 1232 496 1297 lohannes
520 1229 602 1296 dixit
622 1229 712 1294 lesu:
736 1233 801 1307 „mi
824 1229 955 1295 domine
979 1244 1012 1296 et
1033 1234 1079 1296 mi
1098 1257 1198 1316 rorcp,

122 1363 226 1414 κιλιυε
249 1348 327 1411 mihi
351 1367 498 1433 quoque,
528 1357 568 1408 ut
589 1344 709 1430 loquar
732 1366 844 1410 coram
871 1359 919 1422 te,
949 1367 1032 1410 neve
1059 1346 1199 1412 irascere

123 1462 202 1526 mihi
230 1461 410 1548 exploranti
437 1481 508 1525 rem
540 1481 673 1524 omnem
701 1461 735 1522 in
765 1458 931 1546 diligentia
960 1471 993 1524 et
1021 1469 1198 1552 arpenno,

123 1588 299 1663 propterea
323 1572 425 1660 quod,
448 1575 494 1638 mi
518 1572 659 1650 domine,
682 1575 900 1661 promissione
922 1572 1001 1636 mihi
1019 1573 1198 1659 promisisti

70 1715 97 1756 ro
122 1688 288 1754 revelandi
312 1687 405 1752 nobis
428 1710 481 1752 res
506 1710 635 1763 omnes,
668 1709 749 1772 quas
780 1700 811 1752 te
835 1675 1059 1776 eiploravero.
1104 1685 1198 1750 Nunc

119 1806 225 1890 igitur,
248 1805 294 1867 mi
315 1802 462 1878 domine,
486 1824 529 1866 oe
552 1801 621 1866 cela
637 1799 817 1887 quidquam
840 1821 901 1864 nos
925 1801 1058 1863 omuino
1083 1797 1123 1864 de
1145 1819 1197 1866 re·

119 1916 196 1994 bus,
229 1940 309 2003 quas
341 1930 374 1980 te
406 1916 696 2003 exploraverimus.
741 1912 955 2001 Respondens
985 1911 1017 1979 ds
1045 1912 1134 1978 lesus
1162 1915 1197 1978 in

119 2053 239 2118 magna
261 2030 483 2095 misericordia
507 2030 588 2095 dixit
614 2027 765 2094 Iohanni:
800 2027 859 2093 tibi
890 2049 1022 2114 quoquc
1048 2051 1199 2112 μακαριος

120 2143 281 2208 lohannes
310 2157 344 2208 et
366 2142 480 2208 dilecte
509 2157 638 2219 κιλευω,
672 2156 711 2206 ut
739 2143 887 2228 loquaris
917 2141 1070 2218 verbum,
1107 2139 1199 2227 quod

66 2285 95 2326 rs
121 2258 279 2333 volueris,
303 2269 337 2322 et
357 2257 510 2322 revelabo
532 2257 566 2322 id
589 2255 648 2320 tibi
672 2278 692 2319 a
714 2253 796 2320 facie
819 2257 854 2320 in
876 2253 993 2320 faciem
1014 2258 1081 2319 sine
1097 2281 1197 2338 sapa·

119 2373 214 2464 βσλῃ,
247 2385 280 2437 et
303 2371 408 2436 dicam
430 2370 489 2436 tibi
511 2394 564 2436 res
592 2393 705 2436 omnes
729 2392 811 2457 quas
841 2369 1061 2458 exploraveris
1089 2372 1124 2434 in
1148 2369 1196 2434 di·

117 2488 248 2575 ligentia
276 2499 310 2552 et
338 2496 512 2574 arpenna
563 2485 777 2572 Respondens
807 2483 968 2548 lohannes
998 2482 1080 2548 dixit
1105 2482 1195 2548 lesu:

118 2605 186 2679 „mi
211 2601 357 2678 domine,
386 2604 478 2666 cuius
501 2601 565 2664 loci
588 2602 814 2686 unusquisque
844 2599 1005 2685 acceperit
1030 2623 1196 2682 μυστηριον,

119 2738 200 2779 num
223 2714 368 2779 manebit
389 2717 424 2780 in
447 2737 503 2792 eo,
533 2714 689 2800 nullaque
712 2716 742 2778 ei
771 2709 894 2802 εξουσιοι
924 2710 1022 2777 eundi
1052 2715 1087 2777 in
1116 2711 1195 2776 alias

62 2855 92 2896 ao
119 2827 233 2917 ταξεις,
257 2851 341 2914 quae
365 2851 464 2916 supra
487 2851 576 2905 eum,
608 2827 673 2896 andr
696 2840 747 2892 est
769 2823 888 2915 ιξουσιω
912 2825 1010 2891 eundi
1032 2829 1066 2890 in
1088 2822 1195 2915 ταξιις,
1234 2826 1309 2899 203

120 2965 206 3032 quae
228 2942 316 3008 inira
338 2943 457 3007 eumi¹¹
487 2941 702 3031 Respondens
724 2941 815 3006 lesus
838 2939 920 3004 dixit
940 2939 1091 3004 iohanni:
1114 2967 1196 3016 ..ns-

116 3070 180 3128 λως
197 3083 347 3144 umor-fl,
375 3056 551 3145 exploratis
574 3079 626 3122 res
651 3077 764 3120 omnes
786 3057 821 3119 in
844 3053 1010 3142 diligentia
1032 3066 1065 3118 et
1085 3061 1195 3140 arpa-

115 3185 204 3260 λιιφ,
236 3185 327 3238 anna
358 3193 444 3236 nunc
476 3174 574 3258 igitur
603 3170 763 3235 lohannes
795 3169 887 3247 audi,
920 3168 1040 3255 loquar
1066 3181 1195 3234 tecum:
1227 3143 1254 3199 Χ

117 3289 358 3372 unusquisque,
389 3288 549 3373 accipiens
578 3311 735 3369 μυστηριον
756 3283 903 3360 luminis,
926 3285 961 3346 in
982 3281 1072 3359 loco,
1103 3284 1195 3346 cuius

61 3428 90 3470 ss
120 3401 282 3486 acceperit
306 3427 471 3484 μυστηριιν,
504 3399 664 3477 manebit,
695 3411 728 3463 et
755 3398 846 3462 nulla
875 3399 905 3461 ei
933 3393 1066 3485 εξουσιιι,
1098 3393 1196 3460 eundi

115 3516 152 3578 in
175 3513 379 3579 altitudinem
401 3516 437 3578 in
459 3510 566 3602 ταξιις,
590 3535 674 3601 quae
698 3534 798 3601 supra
821 3534 906 3588 erun,
929 3513 1005 3576 dm
1026 3510 1195 3596 accipienti

111 3657 270 3716 μνστηρισν
306 3630 341 3692 in
369 3630 477 3716 primo
510 3641 634 3693 statuto
666 3642 717 3693 est
745 3624 865 3718 εξουσια,
895 3625 994 3692 eundi
1023 3627 1057 3689 in
1087 3620 1195 3714 τιξιις,

114 3765 201 3830 quae
224 3742 312 3808 inira
335 3763 420 3819 eum,
445 3763 529 3828 quae
553 3755 630 3807 sunt
651 3739 748 3830 ταξεις
765 3762 877 3807 omnes
896 3742 984 3805 tertii
1003 3761 1194 3824 χωρημαιτος,

115 3868 209 3920 sata
232 3869 365 3920 nonest
384 3853 514 3946 εξουσια,
537 3856 636 3923 eundi
657 3860 692 3921 in
707 3855 913 3922 altitudinem
928 3856 962 3916 in
979 3847 1086 3938 ταξιις,
1111 3869 1196 3933 quae

55 3995 85 4036 ao
116 3989 219 4056 supra
248 3989 340 4044 eum,
377 3983 411 4034 et
439 3973 495 4057 qui
525 3971 686 4058 acceperit
710 3993 867 4054 μυστηρων
895 3965 994 4052 primi
1023 3985 1195 4047 μυπηρωυ,

115 4081 210 4169 quod
239 4080 327 4148 idern
356 4095 404 4148 est
433 4086 546 4172 viginti
581 4095 724 4170 quatuor
750 4103 918 4169 μυστηριι,
955 4075 1108 4160 idemque
1145 4085 1196 4140 est

196 4329 226 4390 3.
246 4329 315 4392 Del.
331 4331 496 4414 „quoqne”
509 4332 542 4390 P.
586 4331 635 4389 11.
658 4325 811 4402 derebus,
833 4345 902 4407 quas
920 4323 971 4404 (de
988 4344 1032 4400 re,
1048 4343 1133 4406 qoam
1149 4323 1196 4400 Ρ.)

109 4429 164 4490 ³1.
187 4431 298 4514 viginti
319 4444 449 4512 quatuor
468 4453 607 4516 pompm
629 4427 816 4510 (vicesimum
830 4438 967 4508 quartum
981 4448 1128 4512 μυπνριον
1147 4425 1195 4503 Ρ.)

979 4559 991 4605 l
