3254 5340
699 461 743 528 89

178 642 318 718 tionem,
350 650 384 705 et
411 639 571 728 imperavi
600 639 655 717 iis,
688 652 728 705 ut
755 639 975 729 gubernarent
1003 665 1076 712 eam
1101 647 1136 711 in
1160 671 1259 724 rovere

179 755 294 832 chaus,
322 757 358 818 in
386 753 505 839 quibus
535 751 665 817 ducturi
700 777 773 818 eam
804 771 897 822 erant
927 781 1066 824 sursum.
1119 760 1257 828 Factum

178 869 276 954 igitur
305 880 370 942 est,
394 889 499 952 quum
522 879 651 952 αγγελοι
681 866 915 935 descenderent
937 870 979 935 ad
1002 873 1115 950 chaos,
1142 877 1195 938 isti
1225 889 1258 940 et

180 983 323 1069 απορῥωα.
345 981 487 1055 luminiS,
510 993 609 1065 atque
633 983 732 1044 etiam
754 983 903 1067 προβολαι
928 1007 1041 1049 omnes
1061 986 1209 1057 audadsut
1225 1002 1258 1054 et

140 1114 154 1154 s
180 1095 316 1180 προβολη
338 1092 485 1158 Adamae
500 1092 651 1157 viderent
665 1097 821 1182 απορῥοιαν
837 1097 976 1172 luminis,
1000 1098 1190 1163 reddentem
1205 1101 1256 1165 lu·

180 1229 256 1272 men
280 1228 382 1293 quam
405 1209 554 1282 maxime,
573 1243 609 1256 -
629 1207 738 1271 nullus
761 1209 879 1273 modus
901 1210 1024 1286 lumini,
1048 1234 1114 1297 quo
1131 1226 1251 1276 erat-

180 1323 363 1386 timuerunt
385 1333 484 1405 atque
508 1322 655 1384 siverunt
677 1346 771 1386 πιστιν
786 1332 906 1408 codice,
930 1337 963 1386 et
982 1333 1100 1410 magna
1114 1327 1257 1414 απιῤῥοιει

181 1432 312 1497 luminis
337 1432 549 1498 circumdedit
570 1460 666 1498 πιστιν
685 1443 805 1519 cedaar,
830 1434 872 1498 ab
896 1435 1046 1500 omnibus
1070 1439 1138 1502 eius
1154 1441 1256 1525 parti·

181 1544 254 1622 ltus,
279 1569 298 1609 a
321 1548 450 1610 sinistra
472 1550 540 1611 eius
565 1561 599 1611 et
621 1570 640 1610 a
664 1546 779 1613 dextra
801 1551 870 1613 eius
895 1561 928 1612 et
950 1548 991 1612 ab
1009 1550 1159 1616 omnibus
1184 1554 1253 1616 eius

127 1679 155 1720 rc
180 1659 340 1746 partibus,
365 1672 398 1723 et
429 1659 573 1724 reddidit
602 1682 759 1725 coronam
781 1661 912 1726 luminis
943 1665 1011 1726 eius
1042 1666 1147 1748 capiti.
1192 1664 1255 1728 Fa·

179 1788 269 1838 ctum
298 1775 396 1860 igitur
427 1787 493 1849 est,
524 1797 627 1861 quum
659 1777 800 1862 απορῥοιιι
828 1775 959 1839 luminis
992 1775 1256 1842 circumdedisset

177 1913 272 1953 πιστιν
292 1898 414 1972 causer,
439 1886 561 1950 confisa
584 1902 633 1952 est
654 1891 887 1975 maximopere,
910 1911 1018 1974 neque
1041 1893 1179 1954 cessavit
1195 1894 1254 1956 eir·

179 2001 333 2066 cumdare
354 2000 396 2066 ab
421 2000 572 2065 omnihus
596 2004 665 2066 eius
688 2001 846 2089 partibus,
870 2014 903 2066 et
916 2001 1005 2066 haud
1020 2005 1130 2067 timuit
1144 2005 1255 2083 προβο-

180 2125 241 2183 >tce
267 2113 429 2192 audericus,
461 2138 544 2200 quae
577 2128 654 2179 sunt
679 2117 714 2179 in
744 2115 842 2192 chao,
877 2138 983 2202 neque
1016 2118 1114 2180 etiam
1146 2119 1256 2182 timuit

127 2245 155 2286 rs
183 2227 279 2291 aliam
309 2229 377 2292 vim
406 2251 527 2292 novam
558 2227 721 2304 evictam,
758 2252 858 2315 quam
887 2231 1022 2292 immisit
1052 2229 1191 2317 desuper
1220 2233 1255 2294 in

181 2341 280 2405 cbaos
310 2344 394 2405 sicut
422 2345 576 2429 sagittam
605 2343 788 2418 volantem,
817 2365 922 2428 neque
951 2347 1086 2407 tremuit
1112 2366 1191 2431 prae
1220 2347 1254 2408 vi
1295 2335 1368 2407 139

179 2452 330 2532 δαιμονιου
360 2470 418 2520 aut
439 2455 597 2533 Adamae,
626 2479 710 2541 quae
734 2458 811 2520 exiit
833 2478 874 2520 ex
896 2483 1005 2534 αιωσιν,
1033 2471 1132 2544 atque
1156 2460 1255 2521 etiam

177 2590 237 2657 per
259 2591 367 2634 meam
390 2584 539 2649 κελευσιν,
561 2572 657 2657 primi
680 2595 856 2653 μυστηριυυ,
879 2573 1120 2657 prospicientis,
1145 2570 1252 2658 splen·

180 2680 251 2746 duit
279 2705 379 2768 quam
405 2686 547 2748 maxime
577 2687 718 2772 arripiam
747 2684 893 2758 luminis,
929 2705 1013 2770 quae
1042 2684 1255 2750 circumdedit

125 2813 154 2854 w
180 2823 275 2861 πιστιν
294 2806 403 2880 «σφισιν
434 2795 474 2860 ab
500 2796 651 2860 omnibus
673 2796 821 2884 partibus
846 2799 929 2872 eius,
961 2810 994 2860 et
1015 2807 1112 2881 σοφισ,
1134 2801 1255 2862 mansit

178 2912 214 2972 in
236 2907 345 2972 med10
367 2908 504 2986 lumine,
535 2913 691 2974 existente
718 2931 838 2994 magno
868 2908 991 2972 lumine
1020 2907 1062 2972 ad
1090 2913 1254 2975 sinistram

180 3024 249 3086 eius
274 3036 307 3087 et
329 3021 371 3086 cd
394 3021 542 3088 dextram
566 3026 634 3088 eius
658 3035 691 3086 et
714 3020 755 3086 ab
784 3024 873 3086 omni
894 3034 989 3108 parte
1014 3023 1091 3096 eius,
1122 3034 1156 3085 et
1178 3022 1253 3086 red-

177 3135 275 3201 dente
306 3157 463 3201 coronanr
492 3141 560 3202 eius
590 3139 703 3223 capiti,
732 3148 766 3200 et
791 3135 941 3215 προβολαι
970 3154 1083 3198 omnes
1106 3132 1255 3207 cviedcve

177 3272 247 3314 non
261 3263 443 3338 potuerunt
461 3253 580 3315 iterum
599 3264 728 3314 mutare
752 3271 846 3313 suam
868 3247 993 3324 faciem,
1016 3269 1122 3334 neque
1137 3261 1254 3336 potue·

126 3383 154 3424 as
181 3377 261 3426 runt
283 3343 368 3428 stdre
390 3387 471 3452 prae
494 3371 569 3454 ὀρμῃ
597 3366 706 3450 magni
729 3363 859 3427 luminis
883 3364 1051 3451 erupisset,
1076 3383 1160 3448 quae
1184 3375 1255 3426 erat

181 3496 303 3540 corona
320 3480 394 3542 'eius
419 3480 526 3563 capiti,
550 3490 583 3541 et
604 3478 753 3560 apsidatas
778 3499 890 3542 omnes
914 3473 1060 3544 anicitus
1079 3513 1115 3526 -
1134 3497 1254 3562 magna

177 3589 355 3654 multitudo
386 3613 426 3656 ex
448 3593 488 3654 iis
517 3591 631 3656 cecidit
658 3590 700 3655 ad
725 3591 873 3656 dextram
897 3593 981 3668 eius,
1005 3592 1160 3676 quoniam
1184 3603 1255 3654 erat

176 3701 290 3768 lumen
314 3727 414 3790 quam
436 3707 591 3796 maxime,
620 3719 653 3770 et
680 3705 760 3770 aliae
784 3705 900 3770 turbae
929 3704 1072 3772 cecidere
1095 3703 1139 3768 ad
1161 3707 1252 3768 sinis·

178 3827 266 3880 tram
294 3820 377 3894 eius,
409 3840 516 3904 neque
548 3832 702 3906 poterant
736 3822 1000 3907 appropinquare
1034 3843 1128 3882 πιστει
1154 3823 1253 3901 eodm

126 3953 154 3994 se
183 3930 316 3992 ornmno
338 3952 416 4016 prae
440 3954 560 4020 magno
587 3933 724 4008 lumine,
752 3949 824 4008 τλην
851 3931 994 3995 cecidere
1019 3948 1131 3992 omnes
1155 3946 1253 4013 super

263 4091 295 4151 5.
318 4104 349 4154 et
369 4089 495 4176 προθολη
518 4099 654 4158 Adamae.
678 4098 725 4172 (Si
748 4096 839 4156 lectio
862 4115 879 4152 e
899 4097 951 4153 ur'r
972 4113 1008 4152 'ee
1030 4103 1087 4152 etc.
1109 4101 1252 4167 cercesi,

176 4193 353 4254 vertendum
375 4195 494 4257 videtur
514 4200 602 4274 „sine
624 4191 752 4282 προβολῃ
775 4193 922 4254 Adamae”
944 4193 991 4269 P.)
1055 4190 1104 4250 13.
1126 4192 1253 4252 circum·

177 4291 247 4355 dare
267 4294 345 4373 (add.
367 4298 474 4373 „eam”
497 4298 546 4374 P.)
610 4293 658 4357 14.
681 4315 777 4376 neque
799 4289 905 4373 (cede).
965 4289 1015 4352 16.
1037 4312 1134 4374 neque
1147 4288 1254 4373 (cede),

177 4391 241 4454 add.
263 4395 394 4471 ‚,etiam”
417 4396 453 4457 Ρ.
518 4393 568 4457 17.
591 4407 643 4457 aut
663 4391 752 4476 (ηδε).
815 4392 866 4454 24.
888 4413 986 4476 neque
1007 4388 1113 4473 (ουδι).
