3296 5354
946 400 968 465 1

421 584 605 672 accepimus
627 591 780 666 πληρωμε
804 600 900 644 omne
923 590 957 644 et
978 576 1213 667 perfectionem
1241 603 1391 646 omnem:
1418 581 1492 646 baec

420 697 483 762 illis
511 693 690 760 dicentibus
718 715 830 760 secum
855 695 1008 770 invicem,
1043 693 1133 758 lesus
1163 692 1248 760 sedit
1275 709 1426 760 remotus
1455 695 1492 760 eb

421 815 461 877 iis
482 810 663 899 paululum.
693 807 831 873 Factum
852 829 932 875 vero
956 806 1014 889 (ds)
1038 821 1088 872 est
1108 808 1235 874 decimo
1252 814 1370 897 quinto
1392 810 1493 884 lunae,

421 928 543 990 mensis
566 923 676 999 Tobe,
700 925 757 1008 qui
779 921 867 986 idem
890 934 940 986 εει
962 921 1046 998 dies,
1070 945 1136 1008 quo
1156 923 1237 987 luna
1256 924 1424 1011 impletur,
1446 922 1493 987 die

421 1041 521 1127 igitur
542 1038 613 1115 illo,
646 1059 748 1123 quum
772 1037 822 1100 eol
845 1049 937 1100 ortus
966 1048 1053 1102 esset
1077 1039 1112 1100 in
1139 1059 1201 1102 sua
1229 1037 1337 1114 lieres,
1371 1059 1520 1124 egressas

423 1166 474 1220 εει
494 1165 572 1241 post
598 1173 675 1216 cum
702 1173 823 1237 magna
851 1147 977 1234 ὃννεμις
1003 1150 1100 1227 lucis,
1130 1150 1268 1216 lucentis
1299 1175 1403 1238 quarn
1430 1173 1495 1214 ma·

422 1269 527 1342 xime,
558 1265 668 1331 nullus
698 1262 817 1328 modus
846 1265 925 1340 luci,
956 1286 1022 1350 qua
1052 1277 1123 1329 erat
1152 1265 1231 1352 (scil
1262 1263 1407 1348 δυνεμκ,
1435 1268 1495 1330 ie.

422 1377 549 1466 derepere
577 1377 769 1467 splendebat
795 1379 919 1443 lumine
945 1376 1128 1463 immenso).
1177 1379 1269 1444 Exiit
1295 1383 1385 1444 enim
1413 1382 1496 1465 (pap)

424 1495 587 1560 elumine
612 1492 789 1570 luminum,
824 1514 884 1556 nec
914 1514 983 1557 non
1013 1495 1089 1556 exiit
1118 1515 1160 1557 ex
1189 1493 1306 1558 ultimo
1337 1519 1495 1580 μυστηριῳ,

424 1607 515 1696 quod
536 1606 624 1672 idem
647 1621 697 1673 εει
717 1609 909 1672 vicesimum
932 1621 1088 1693 quartum
1110 1631 1277 1694 μυστηριον,
1300 1606 1343 1672 ab
1365 1609 1495 1672 internis
1511 1629 1531 1668 o

423 1745 529 1809 usque
553 1722 760 1800 adiutem,
791 1743 875 1809 quae
899 1723 1031 1786 suntin
1053 1718 1137 1809 τεξει
1160 1721 1295 1786 secundi
1317 1743 1497 1806 χωρημετις

423 1839 521 1927 primi
549 1863 720 1924 pompeo.
776 1834 852 1924 lpsa
879 1859 960 1904 vero
991 1833 1049 1918 (de)
1083 1838 1133 1900 vis
1162 1835 1219 1900 illa
1247 1835 1381 1900 luminis
1411 1837 1497 1902 venit

425 1973 523 2039 super
555 1950 665 2016 lesum
694 1963 727 2015 et
757 1949 971 2015 circumdedit
1000 1972 1077 2015 eum
1105 1963 1224 2014 totum.
1275 1949 1421 2016 Sedebat
1448 1971 1496 2013 re·

423 2079 534 2130 motus
565 2089 586 2130 a
616 2067 682 2130 suis
711 2061 860 2150 μεθητεις
889 2076 923 2129 ει
952 2063 1084 2130 lucebat
1113 2067 1352 2152 maximopere,
1391 2063 1495 2129 nullus

423 2174 543 2242 modus
565 2177 696 2254 lmnini,
719 2175 810 2264 quod
833 2191 904 2242 erat
926 2181 964 2242 ei.
1510 2199 1530 2240 u

511 2288 621 2376 Atque
652 2289 786 2374 poderes
815 2289 905 2355 haud
934 2289 1086 2356 viderant
1118 2290 1228 2357 lesum
1263 2315 1345 2382 prae
1380 2312 1494 2379 magno

423 2403 560 2481 lumine,
590 2406 624 2468 in
654 2426 720 2491 quo
753 2418 823 2469 erat
853 2420 912 2470 aut
942 2404 1033 2492 quod
1063 2419 1135 2471 erat
1164 2410 1203 2472 ei.
1253 2407 1382 2473 Eorum
1414 2408 1496 2472 enim
1587 2435 1588 2448 ¹

423 2523 511 2604 (γερ)
535 2518 620 2582 oculi
643 2531 737 2584 erant
759 2517 964 2584 obtenebrati
986 2542 1065 2608 prae
1080 2543 1199 2607 magno
1220 2520 1358 2599 lumine,
1383 2527 1418 2587 in
1433 2541 1494 2607 quo

424 2645 502 2698 erat
541 2631 608 2698 Sed
622 2637 740 2717 (ελλιι)
756 2649 992 2721 conspexerant
1009 2633 1239 2700 tantummodo
1255 2635 1383 2712 lumen,
1408 2637 1494 2700 eruit·
1587 2621 1588 2625 ¹

422 2759 495 2812 tens
519 2772 639 2819 εκτινες
665 2747 746 2814 lucis
768 2771 913 2836 magnas.
957 2749 1071 2836 Neque
1094 2747 1247 2836 aequales
1271 2764 1364 2814 erant
1388 2768 1494 2815 secum
1509 2767 1530 2809 o

421 2863 562 2927 invicem
591 2889 718 2940 εκτινες,
757 2877 856 2950 atque
885 2863 997 2928 lumen
1028 2875 1099 2928 erat
1131 2866 1215 2928 varii
1245 2864 1335 2928 modi
1365 2880 1400 2931 et
1429 2873 1495 2927 erat

421 2978 515 3041 vario
544 3003 644 3066 τυπῳ,
675 2975 716 3042 ab
747 2976 895 3042 inferiori
916 2991 1046 3067 partem
1074 2999 1181 3063 usque
1211 2977 1253 3042 ad
1283 2982 1493 3067 superiorem,

422 3089 506 3156 alter
533 3094 754 3179 praestantior
784 3089 902 3166 altero,
938 3089 1065 3156 infinito
1102 3091 1202 3156 modo
1234 3094 1394 3179 (proprier
1427 3095 1494 3158 vice

423 3216 482 3269 out
504 3204 608 3292 gradu
629 3203 720 3270 baud
742 3203 973 3288 admittendo),
1002 3208 1038 3268 in
1060 3229 1179 3294 magno
1204 3205 1376 3294 splendore
1400 3207 1493 3272 lumi·

421 3317 471 3382 nis
493 3320 652 3382 immensi.
697 3317 906 3404 Pertingebat
929 3340 949 3380 a
975 3331 1064 3383 terra
1086 3342 1191 3407 usque
1221 3318 1264 3383 ad
1293 3320 1392 3386 caela.
1436 3318 1492 3385 At-
1507 3337 1528 3379 ε

422 3450 487 3515 que
514 3428 649 3516 μαθηται
678 3428 826 3496 videntes
861 3431 974 3495 lumen
1007 3431 1102 3511 illud,
1144 3433 1279 3500 fuerunt
1310 3437 1345 3499 in
1374 3453 1491 3522 magno

420 3542 540 3606 timore
563 3553 596 3606 ει
618 3545 652 3606 in
673 3564 793 3630 magna
815 3542 1072 3631 perturbatione.

509 3653 647 3720 Faotmn
668 3658 767 3743 igitur
790 3671 854 3734 εει,
885 3681 988 3744 quum
1008 3663 1059 3726 vis
1081 3658 1212 3726 luminis
1231 3663 1374 3727 venisset
1396 3679 1491 3750 super

419 3765 542 3848 lesum,
579 3768 792 3836 circumdedit
827 3793 903 3838 eum
937 3774 1105 3862 paulatim.
1158 3773 1254 3839 Tune
1284 3779 1374 3858 (τοτε)
1403 3774 1490 3842 lesus

420 3897 553 3952 evectus
576 3899 627 3952 est
649 3899 707 3952 aut
733 3887 859 3952 volavit
886 3889 920 3953 iu
943 3887 1163 3966 altitudinem,
1193 3888 1305 3955 lucens
1332 3893 1489 3954 maximo·
1503 3904 1525 3947 er

480 4049 510 4107 1.
531 4057 667 4132 πληρωμα
688 4068 776 4109 omne
790 4047 938 4124 (deleatur
951 4051 1082 4125 „omne”
1099 4050 1146 4128 Ρ.)
1186 4047 1216 4110 5.
1237 4061 1321 4110 ortus
1337 4061 1416 4112 esset
1430 4044 1489 4129 (vel

418 4143 592 4220 „oriretur”
608 4147 656 4224 P.)
700 4149 749 4207 11.
772 4149 888 4209 interna
910 4154 1044 4228 (externa
1060 4150 1107 4227 P.)
1152 4149 1201 4211 11.
1222 4147 1306 4232 rufin
1320 4147 1437 4234 (ταξεει
1451 4145 1486 4209 ε1.

418 4241 495 4302 infra
516 4263 544 4322 p.
560 4243 588 4303 8.
612 4244 631 4304 l.
648 4249 678 4320 1,
701 4247 751 4308 sed
766 4259 839 4330 etp.
855 4246 915 4308 7.l.
930 4249 981 4310 20.
1004 4250 1053 4328 Ρ.)
1094 4251 1144 4310 20.
1166 4271 1285 4335 magnas
1300 4250 1421 4330 (multas
1442 4247 1488 4322 Ρ.)

417 4339 469 4401 21.
485 4364 595 4407 ακτινεε
609 4343 686 4423 (cdd.
702 4345 822 4408 luminis
837 4347 888 4428 Ρ.)
928 4347 979 4409 28.
1003 4348 1122 4412 luminis
1143 4351 1220 4430 (add.
1235 4351 1287 4412 illa
1305 4371 1330 4412 ε.
1345 4349 1427 4413 illius
1441 4347 1486 4423 Ρ.)
