3296 5354
957 451 1001 518 18

437 635 592 712 Adamas,
613 653 752 720 magnus
773 653 917 718 τυμννος,
941 641 974 696 et
994 653 1125 718 superest
1148 649 1278 708 omnes,
1302 633 1359 718 qui
1382 634 1518 698 suntin

439 775 539 818 sauro
562 747 728 824 omnibus,
757 747 950 832 inceperunt
971 755 1111 828 πολεμιιν
1133 746 1299 810 incassum
1326 758 1442 810 eontra
1462 745 1516 810 lu·

437 886 524 931 men.
560 862 607 929 Et
624 863 825 936 nescierunt,
850 881 994 946 quocum
1008 871 1209 943 ιπολιμησων,
1231 872 1409 947 propterea
1424 858 1517 944 quod

438 1001 508 1045 non
529 975 687 1042 videbant
702 995 902 1061 Quanquam
916 985 1048 1061 praeter
1065 972 1174 1038 lueern
1187 975 1514 1061 praestantissimam

436 1093 576 1158 Factum
603 1091 701 1176 igitur
732 1101 796 1164 est,
836 1109 940 1174 quum
971 1085 1202 1173 belligerarent
1228 1090 1369 1172 (πολεμι)
1399 1100 1515 1152 eontra
1541 1112 1554 1151 s

436 1206 551 1272 lumen
573 1202 681 1291 (Copt
704 1200 915 1268 adverbum:
938 1201 973 1264 in
993 1199 1144 1285 lumine),
1173 1199 1420 1288 desponderunt
1441 1222 1514 1266 om·

437 1341 496 1384 nes
520 1339 631 1383 seomn
652 1319 805 1393 invicem,
836 1329 869 1380 et
891 1313 1016 1400 delapsi
1042 1317 1077 1378 in
1100 1339 1200 1390 ecurt,
1229 1313 1308 1378 faeti
1330 1328 1408 1379 sunt
1430 1318 1515 1380 sieut

437 1431 563 1498 incolae
585 1445 693 1496 terrae
715 1432 852 1506 mortui,
882 1428 998 1515 quihus
1021 1428 1131 1492 nullus
1154 1427 1284 1492 halitus.
1328 1428 1374 1494 Et
1396 1427 1513 1492 sustuli

437 1559 568 1634 partem
588 1547 722 1610 tertiam
744 1567 785 1609 ex
807 1542 915 1631 (Copt
936 1541 982 1628 in)
1007 1563 1123 1608 eorum
1145 1544 1292 1606 omnium
1318 1544 1367 1620 vi,
1403 1555 1443 1606 ut
1470 1564 1512 1606 ne

437 1659 586 1727 valerent
613 1662 730 1744 (sauppe)
762 1660 797 1722 in
824 1659 890 1721 suis
918 1652 1043 1746 πρωξεσι
1077 1656 1186 1732 malis,
1218 1669 1251 1721 et
1276 1677 1332 1732 ne,
1371 1658 1398 1719 si
1424 1655 1511 1720 forte
1537 1681 1563 1722 rs

436 1771 601 1849 homines,
624 1775 681 1859 qui
701 1774 736 1836 in
758 1797 880 1859 κοσμῳ,
906 1772 1131 1836 invocaverint
1152 1775 1314 1852 (επικαιλιι)
1339 1791 1395 1834 eos
1417 1772 1453 1834 in
1472 1769 1511 1833 il·

436 1885 547 1951 lorum
575 1910 759 1971 μυστηρωις,
789 1907 873 1972 quiae
901 1898 1074 1972 portarunt
1107 1882 1248 1972 desuper
1277 1895 1407 1971 αγγιλοι
1435 1903 1511 1970 pee-

438 2014 548 2065 oantes
572 1999 680 2086 (Copt
702 1997 1148 2084 respousa-erepafiarrovsec),
1173 2019 1315 2085 quorum
1338 1996 1416 2085 (soil.
1430 1997 1510 2064 haee

436 2112 599 2198 μυστηριω)
612 2125 689 2176 sunt
697 2138 816 2197 reapse,
835 2151 871 2162 -
891 2134 933 2178 ne
946 2113 1054 2199 igitur,
1071 2115 1098 2177 si
1112 2114 1338 2178 invocaverint
1348 2110 1509 2200 (εποιωλει)

438 2239 495 2290 eos
507 2227 541 2288 in
554 2227 620 2290 suis
635 2221 760 2313 πραξισι
775 2224 884 2302 malis,
906 2239 1042 2313 possent
1054 2225 1211 2314 perlicere
1224 2247 1279 2290 eas
1291 2228 1346 2314 (se.
1361 2221 1508 2314 πριξιις);
1535 2251 1562 2292 rs

438 2350 472 2404 et
493 2336 669 2423 ιῖμωρμινην
692 2350 791 2423 atque
813 2348 957 2426 sparpav,
989 2361 1073 2426 quae
1100 2353 1178 2404 suut
1205 2338 1357 2405 dominae
1385 2361 1509 2416 eorum,

436 2454 564 2516 mutavi
587 2464 620 2516 et
640 2450 767 2516 reddidi
791 2473 845 2516 eas
869 2473 927 2516 sex
947 2473 1076 2518 menses
1099 2474 1272 2520 conversas
1289 2455 1323 2516 in
1347 2456 1511 2520 sinistram

437 2566 493 2651 (so.
515 2565 655 2653 partem)
685 2578 783 2651 atque
805 2566 1015 2652 perfecerunt
1037 2589 1096 2630 sua
1119 2579 1369 2650 ιποτελισμιτα,
1397 2580 1432 2632 et
1452 2589 1510 2632 sex

434 2699 564 2744 menses
586 2681 749 2744 intuentes
771 2682 806 2746 in
829 2677 991 2756 dextram,
1026 2679 1228 2768 perficientes
1256 2704 1317 2746 sua
1344 2691 1509 2748 αποτιλεν-

435 2815 541 2878 ptem
565 2814 625 2880 per
646 2807 781 2859 κελευσιν
803 2805 915 2857 autem
937 2791 995 2876 (a)
1017 2796 1115 2880 primi
1135 2797 1301 2881 praecepti
1324 2808 1357 2884 et
1378 2817 1437 2883 per
1458 2821 1508 2860 as-
1532 2819 1559 2860 ss

335 2897 385 2971 26
435 2917 537 2972 λιυσιν
559 2908 657 2994 primi
683 2930 844 2993 pompato
880 2919 1038 2994 posuerat
1066 2928 1120 2972 eas
1147 2910 1310 2973 intuentes
1345 2910 1509 2972 sinistram

435 3021 526 3086 omni
547 3033 696 3108 tempore
717 3019 789 3096 loir,
814 3045 971 3093 ετισκοπος
992 3021 1122 3084 luminis
1137 3021 1340 3108 perficientes
1357 3043 1417 3103 sua
1431 3047 1508 3087 ars·

432 3145 612 3218 τελεσματω
649 3156 790 3220 suasque
820 3130 949 3223 πραξεις.
980 3133 1139 3199 ·Factum
1173 3137 1272 3221 igitur
1306 3147 1368 3212 est,
1405 3157 1509 3220 quum
1615 3183 1616 3234 p

436 3249 595 3312 venissem
624 3246 666 3311 ad
694 3269 809 3312 eorum
835 3272 931 3324 rosor,
961 3246 1097 3313 fuerunt
1121 3247 1344 3314 inobedientes
1359 3248 1507 3336 (aaran)
1614 3283 1615 3314 l

432 3371 467 3423 et
493 3357 718 3445 belligerantes
742 3365 880 3442 (πολεμι)
910 3373 1024 3425 eontra
1051 3361 1172 3426 lumen.
1220 3361 1351 3428 Abstuli
1376 3375 1506 3450 partem
1531 3389 1554 3429 as

430 3473 564 3535 tertiam
590 3474 640 3536 vis
670 3493 762 3548 suae,
797 3483 903 3538 utne
931 3487 1068 3560 possent
1094 3474 1251 3563 perficere
1281 3498 1357 3541 suas
1387 3472 1507 3564 πραξεις
1611 3483 1612 3554 l

431 3580 552 3659 malas3
589 3595 687 3668 atque
710 3583 885 3670 ιῖμιιρμενην
908 3599 942 3651 et
968 3595 1112 3675 σφιιραν,
1142 3611 1225 3676 quae
1255 3602 1332 3654 sunt
1354 3589 1506 3656 dominae

431 3713 558 3770 eorum,
581 3701 708 3762 mutavi
731 3710 764 3763 et
784 3702 881 3786 posui
904 3721 959 3766 eas
981 3704 1145 3770 intuentes
1161 3707 1327 3769 sinistram
1341 3726 1398 3769 sex
1412 3726 1505 3770 men·
1608 3741 1609 3790 p

431 3829 493 3888 ses,
515 3809 719 3898 perficientes
743 3834 803 3877 sua
825 3827 1074 3901 ιποτιλεσμοιτα,
1098 3831 1131 3882 et
1152 3821 1249 3906 posui
1272 3840 1328 3884 eas
1348 3819 1427 3884 alios
1448 3839 1505 3884 sex
1607 3827 1608 3872 l

429 3945 559 3992 menses
582 3946 754 3992 conversas
776 3929 812 3993 in
834 3927 997 4007 dextram,
1026 3931 1231 4020 perficientes
1255 3955 1315 3999 sua
1337 3944 1502 3999 aserem-
1528 3957 1553 3998 ss
1606 3901 1607 3950 l

512 4089 543 4149 2.
566 4091 904 4174 enarmduplicem
926 4093 1014 4156 habet
1035 4117 1168 4156 sensum:
1192 4109 1223 4157 et
1244 4097 1376 4181 gratis,
1403 4095 1504 4157 latiori

429 4205 533 4248 sensu:
556 4190 1033 4272 nullapraemissaeausaet
1052 4196 1304 4279 nequidquam.
1346 4194 1395 4258 14.
1408 4219 1503 4274 μαγια

428 4284 507 4363 (vele
516 4307 604 4463 ἔξω
625 4301 696 4351 sunt
717 4312 820 4354 eorum
840 4317 944 4374 μαγιαι
965 4296 1014 4375 Ρ.)
1069 4296 1120 4360 23.
1143 4317 1269 4379 suasque
1289 4299 1394 4380 <atque
1415 4296 1503 4360 etiam

428 4401 494 4446 suas
543 4429 550 4444 .
