3254 5340
657 447 723 516 177

147 625 279 692 luminis
304 639 340 692 et
359 646 401 690 nc
425 623 528 690 celate
551 647 607 690 eos
629 627 694 692 ista
717 641 764 706 et,
800 632 857 716 qui
886 630 1002 720 dignus
1025 631 1125 700 luerit
1145 661 1228 721 pw.

146 766 232 826 ηριῳ
257 739 399 816 excelso,
423 737 499 804 date
524 762 561 804 ea
584 741 651 816 isti,
680 754 713 805 et
736 745 792 828 qui
815 741 932 831 dignus
955 745 1055 812 luerit
1075 774 1228 840 μυστηριῳ

147 857 254 930 tenui,
283 852 359 918 date
385 875 423 917 ea
445 855 516 929 isti,
547 866 579 917 et
605 875 646 918 ne
674 854 775 920 celate
803 857 983 944 quidquam
1010 884 1226 949 quemquam3

145 993 304 1053 μοστιιριον
333 971 442 1054 ipsum
477 970 723 1032 resurrectionis
757 983 967 1037 mortuorum
995 987 1030 1038 et
1063 975 1226 1062 depereunt

106 1105 121 1144 ι
148 1080 298 1158 morbos,
325 1104 366 1145 ne
390 1080 466 1146 date
489 1080 523 1146 id
547 1084 709 1168 cuiquam,
734 1082 800 1148 οοδι
822 1083 898 1149 date
922 1084 1105 1152 doctrinam
1126 1094 1159 1153 in
1176 1113 1225 1168 eo,

147 1195 238 1282 quod
259 1221 417 1281 μυστηριοι
440 1194 522 1260 illud
544 1198 686 1282 pertinet
712 1195 755 1260 ad
778 1224 943 1280 ορχοντοις,
973 1200 1062 1265 istud
1091 1216 1124 1267 et
1146 1225 1226 1269 snae

147 1335 305 1390 ονομοιοιοο
329 1331 453 1374 omnes.
498 1308 639 1396 Propter
665 1309 727 1375 boo
757 1337 805 1376 ουν
835 1333 876 1376 ne
906 1311 981 1377 date
1003 1313 1038 1377 id
1062 1318 1224 1402 cuiquam,

149 1419 216 1488 ουὸο
241 1421 316 1486 date
340 1422 521 1487 doctrinam
547 1426 582 1488 in
605 1444 658 1500 eo,
690 1422 740 1494 ἕως
767 1424 976 1510 usquedum
1005 1428 1224 1498 stabiliveritis

148 1561 243 1602 πιστιο
265 1537 300 1598 in
326 1563 433 1622 κοσμῳ
457 1539 564 1613 omni,
594 1551 648 1614 ut,
680 1560 782 1624 quum
805 1541 958 1604 veneritis
986 1543 1021 1603 in
1044 1557 1144 1614 πολιις
1167 1557 1225 1610 aut

97 1674 122 1714 ιο
148 1673 256 1736 χωρας
279 1663 312 1714 et
333 1651 408 1736 (isti)
432 1650 520 1716 haud
543 1653 728 1738 acceperint
754 1673 815 1717 vos
843 1652 887 1717 od
915 1675 950 1716 se
978 1665 1011 1718 et
1038 1653 1127 1719 baud
1155 1683 1224 1723 ποο-

148 1789 273 1831 ruovora
295 1762 399 1840 vobis,
421 1777 460 1828 ut
482 1765 634 1830 audirent
649 1778 758 1830 vestra
775 1764 891 1841 verba,
914 1769 1111 1833 resuscitetis
1134 1791 1223 1834 mor·

147 1890 225 1944 tuos
255 1879 289 1940 in
318 1904 415 1948 τοποις
444 1879 520 1955 illis,
551 1893 584 1943 et
613 1877 788 1956 depersoner
820 1879 953 1944 claudos
984 1893 1017 1944 et
1047 1903 1159 1948 caecos
1191 1897 1224 1948 et

147 1989 285 2058 morbos
307 1996 416 2058 varios
438 1995 472 2058 iu
494 2019 591 2062 τοποιο
613 1993 685 2070 illis,
709 2006 742 2056 et
763 2015 824 2081 per
845 1995 925 2058 haec
948 1997 1058 2072 omnia
1073 1997 1222 2062 huiusce·

148 2105 240 2170 modi
262 2131 452 2172 πιστευοουοι
473 2105 581 2182 vobis,
611 2129 675 2172 vos
700 2131 851 2190 anpnrrnv
875 2105 973 2172 deum
1002 2111 1160 2186 universi,
1190 2123 1224 2178 et

94 2244 121 2284 ιι
148 2245 339 2286 transumere
369 2218 476 2284 verbis
506 2218 658 2285 omnibus
685 2223 813 2285 vestris.
862 2221 1003 2309 Propter
1031 2223 1095 2288 hoc
1123 2226 1223 2310 igitur

147 2361 197 2400 ουν
221 2333 295 2399 dedi
317 2333 412 2399 vobis
434 2361 593 2421 μυοτηριοο
614 2333 710 2410 illud,
741 2333 792 2405 ἕως
820 2357 925 2421 usquc
949 2335 1029 2401 dum
1058 2337 1221 2402 stabilive-

144 2451 215 2514 ritis
244 2475 340 2515 πιοτοο
371 2451 405 2513 in
436 2474 542 2534 κοομῳ
573 2461 656 2513 toto.
708 2448 797 2512 Haec
826 2452 925 2535 igitur
956 2472 1058 2535 quum
1089 2449 1223 2514 dixisset

145 2589 248 2647 οωτηρ,
270 2585 409 2650 pergens
434 2561 540 2626 adbuc
563 2564 597 2626 in
621 2583 771 2627 sermone
795 2561 876 2626 dixit
894 2562 1030 2626 Mariae:
1055 2584 1141 2625 nuno
1163 2565 1221 2649 igi-

146 2689 202 2740 tur
229 2703 276 2742 οοο
306 2675 400 2752 audi,
435 2675 555 2752 Maria,
586 2674 626 2740 de
653 2674 773 2752 verbo,
803 2675 893 2762 quod
920 2679 1129 2763 interrogasti
1158 2697 1221 2752 me,

93 2811 121 2852 rr
150 2810 223 2874 qurs
246 2791 301 2864 sit,
325 2792 381 2875 qui
404 2789 570 2876 οιοοιγκαζοι
593 2789 773 2863 bominem,
797 2787 847 2855 ἕως
871 2789 1077 2874 usquedum
1101 2801 1247 2877 peccet,

146 2902 241 2968 Nunc
264 2905 361 2988 igitur
383 2914 599 2989 procrearunt
621 2901 780 2966 insontem
804 2922 879 2964 oum
902 2903 1020 2965 existat
1042 2903 1091 2965 vis
1114 2903 1221 2964 teucris

146 3020 182 3081 in
205 3038 260 3092 eo,
292 3029 325 3080 et
346 3038 421 3080 eum
449 3018 491 3080 sit
517 3019 625 3082 tenuis
653 3019 688 3080 in
716 3037 755 3080 eo
784 3011 896 3102 ψυχη,
928 3025 961 3077 et
990 3026 1088 3078 tenue
1118 3015 1152 3074 in
1182 3033 1221 3076 eo

146 3133 247 3196 etiam
278 3156 433 3212 οιοτιμιμον
461 3157 644 3208 πνευματος,
680 3126 767 3218 deo}
794 3131 900 3197 οἱπλως
932 3125 1086 3191 tenuibus
1117 3123 1221 3190 tribus

147 3248 241 3308 iuxta
260 3267 298 3331 ,se
321 3246 466 3309 invicem.
503 3243 589 3309 Nihil
614 3265 730 3309 eorum
753 3241 883 3308 οιιοθονει
900 3238 1080 3326 quidquam
1104 3242 1221 3326 operis,

94 3381 122 3422 οι
150 3357 362 3436 essebonum,
385 3358 595 3434 carmalum,
618 3379 697 3444 prae
721 3359 880 3444 gravitate
904 3353 1076 3418 oblivionis
1100 3354 1222 3440 gravis·

71 3509 80 3522 ·
148 3473 244 3549 sima,
276 3485 375 3559 atque
397 3487 496 3538 tenue
520 3493 654 3558 quoque
676 3483 726 3536 est
753 3495 855 3552 οωμο.
900 3467 945 3534 Et
971 3465 1079 3532 infans
1109 3465 1223 3532 edite

145 3597 276 3674 τρυφοις
293 3613 411 3670 acopon
431 3613 583 3671 οιρχοντωο
605 3598 639 3650 et
659 3583 755 3672 ψυχιι
780 3584 900 3672 colligit
928 3581 988 3648 sibi
1016 3605 1033 3648 e
1054 3609 1136 3668 μιροι
1155 3577 1222 3669 qlo-
1261 3569 1336 3643 282

146 3725 216 3786 χης,
239 3723 324 3787 quae
345 3703 382 3766 in
403 3708 532 3788 τρνφοις
555 3713 588 3764 et
605 3725 762 3788 οντιμιμοο
780 3723 947 3786 πνευματος
969 3719 1223 3784 empericorum,

224 3879 284 3941 rt.
313 3895 347 3942 ut
370 3884 507 3944 audirent
534 3892 582 3954 (ut
602 3884 677 3944 baud
699 3885 817 3943 audiant
839 3883 888 3956 P.)
950 3877 1001 3936 21.
1030 3882 1224 3955 procrearunt

152 3979 311 4055 infantem,
338 4003 404 4040 cum
431 3983 536 4043 existet
557 3985 602 4044 vis
629 3983 727 4043 tenuis
757 3982 787 4039 in
820 3999 857 4038 eo
884 3981 1055 4057 (procreant
1082 3969 1224 4029 infantem

150 4089 282 4152 tenuem,
306 4081 334 4139 in
357 4101 415 4160 quo
437 4083 480 4143 vis
504 4095 549 4143 ert
570 4081 676 4142 debilis
698 4102 722 4140 ι.
745 4099 831 4160 parva
853 4076 900 4151 P.)
955 4070 1007 4131 26.
1029 4069 1124 4130 intans
1146 4067 1224 4147 (add.

149 4178 301 4255 „lenum”
322 4178 371 4255 P.)
433 4179 482 4240 27.
504 4200 610 4252 uorpoo
633 4203 781 4264 αρχοντων
802 4175 879 4255 (add.
901 4182 960 4248 „el
975 4172 1019 4231 vis
1034 4169 1152 4255 colligit
1167 4169 1225 4230 sibl

149 4297 259 4362 θμιριι
281 4278 342 4356 vis,
370 4281 496 4360 quaein
518 4294 640 4366 τρυφαις
661 4279 707 4354 Ρ.)
755 4275 804 4336 28.
819 4293 976 4344 πνευματος
990 4269 1067 4352 (add.
1083 4268 1226 4352 ‘‚,colligit

147 4375 229 4438 riti”
254 4377 304 4456 P.)

984 4504 1022 4550 m
