3296 5354
940 455 984 521 28

424 651 578 706 ver-arent
600 649 700 723 atque
714 651 753 704 ut
767 655 923 722 magnum
937 647 1068 722 tempus
1082 649 1265 723 regnarent
1296 635 1363 702 Sed
1381 641 1499 722 (aare)

426 779 528 844 quum
552 751 759 817 abstulissem
786 752 918 815 tertiam
944 763 1072 837 partem
1094 752 1215 814 virium
1240 749 1388 828 illorum,
1425 775 1498 818 mu-

424 872 494 934 tavi
516 889 632 932 eorum
655 873 804 953 σφαιρως,
840 877 879 928 ut
909 862 1042 950 aliquod
1070 878 1201 952 tempus
1230 867 1436 930 intuerentur
1464 870 1500 931 in

427 985 557 1048 sinistra
578 994 678 1066 atque
701 982 800 1044 etiam
822 977 956 1064 aliquod
979 990 1108 1065 tempus
1136 980 1341 1044 intuerentur
1363 983 1398 1043 in
1420 979 1498 1044 dex-

425 1110 485 1163 tra.
536 1096 660 1161 Mutari
689 1114 804 1157 eorum
830 1095 919 1158 viam
945 1105 1066 1168 totam,
1100 1113 1281 1179 eorumque
1313 1090 1419 1181 δρομον
1446 1107 1497 1158 to·
1523 1114 1537 1153 s

425 1226 513 1287 tum,
542 1222 576 1274 et
597 1207 660 1272 feci
688 1206 897 1272 festinantem
925 1209 1015 1270 viam
1037 1202 1148 1292 δρομου
1176 1206 1324 1283 illorum,
1354 1220 1393 1271 ut
1417 1229 1497 1295 pur·

426 1335 581 1411 gerentur
603 1321 750 1386 celeriter
773 1334 806 1385 et
829 1319 1045 1386 eveherentur
1065 1319 1220 1386 celeriter.
1250 1321 1295 1386 Et
1309 1320 1498 1387 abbreviavi

426 1459 542 1504 eorum
563 1447 694 1506 κυκλους
717 1447 751 1499 et
770 1433 898 1498 reddidi
924 1434 1032 1499 levem
1061 1456 1177 1499 eorum
1198 1438 1295 1500 viam
1340 1434 1385 1500 Et
1407 1434 1495 1499 lesti-

426 1563 547 1615 narunt
569 1549 666 1615 valde
694 1563 727 1614 et
749 1562 826 1613 sunt
846 1550 970 1612 incitati
997 1552 1032 1612 in
1059 1570 1119 1612 sua
1146 1551 1215 1624 via,
1245 1570 1352 1634 neque
1378 1561 1496 1636 potue·

424 1678 503 1729 runt
524 1663 599 1728 inde
623 1662 665 1728 ab
686 1662 748 1728 hae
770 1662 854 1727 hora
876 1661 1034 1728 devorare
1057 1666 1131 1737 ύλην
1148 1661 1247 1727 faecis
1268 1667 1343 1750 puri
1365 1663 1496 1727 luminis
1523 1685 1547 1726 re

426 1782 484 1844 sui.
534 1779 580 1844 Et
608 1777 796 1844 abbreviavi
825 1799 941 1844 eorum
970 1789 1122 1864 tempora
1151 1798 1331 1863 eorumque
1361 1803 1496 1862 χρονους,

423 1906 463 1958 ut
484 1893 695 1981 perficeretur
717 1896 781 1957 cito
805 1889 1050 1978 reprimeremus
1068 1887 1200 1978 ψυχων,
1223 1913 1308 1977 quae
1324 1894 1499 1980 suscipient

423 1995 594 2095 μυστηριον,
626 2029 710 2093 quae
740 2018 837 2070 erunt
867 2009 903 2070 in
932 2005 1067 2092 θησαυρῳ
1100 2004 1240 2069 luminis.
1296 2005 1364 2070 Nisi
1399 2008 1497 2092 igitur

424 2135 603 2187 mutassem
626 2142 743 2185 eorum
765 2117 889 2206 ὃρομους
913 2133 946 2184 et
966 2122 1000 2183 ni
1023 2117 1265 2184 abbreviassem
1288 2140 1403 2185 eorum
1421 2147 1496 2205 χρο-

424 2260 500 2312 vove,
523 2255 591 2298 non
614 2237 764 2298 sivissent
784 2233 886 2297 ullam
904 2229 1015 2320 darxsv
1036 2236 1148 2299 venire
1169 2235 1204 2296 in
1226 2260 1337 2317 κοσμον
1359 2247 1496 2321 propter
1522 2255 1547 2296 rs

423 2353 498 2422 ύλην
514 2369 592 2412 suae
614 2346 727 2424 faecis,
751 2369 852 2433 quam
874 2345 1090 2423 devorarunt,
1113 2361 1213 2433 atque
1234 2347 1422 2435 perditurae
1444 2369 1496 2412 es·

425 2476 498 2529 sent
518 2461 762 2526 multitudinem
776 2458 900 2546 ψυχων.
945 2461 1086 2548 Propter
1107 2461 1170 2526 hoe
1191 2464 1291 2548 igitur
1313 2461 1379 2526 dixi
1400 2461 1495 2526 vobis

423 2591 587 2665 tempore:
608 2574 807 2642 Abbreviavi
821 2589 972 2662 tempora
986 2588 1122 2664 propter
1137 2598 1228 2640 meos
1245 2576 1373 2641 eleetos.
1406 2573 1495 2642 Alio·

424 2694 503 2778 quin
525 2690 616 2755 nulla
637 2687 732 2778 ψυχη
760 2693 921 2777 potuisset
949 2693 1081 2755 servari.
1132 2689 1331 2756 Abbreviavi
1360 2687 1392 2758 da
1412 2703 1495 2754 tem·

422 2827 506 2893 pora
528 2819 561 2870 et
582 2831 706 2892 χρονους
727 2818 863 2892 propter
891 2803 1011 2891 aprima
1029 2817 1138 2871 τελειον
1155 2804 1281 2892 alozos,
1315 2826 1400 2891 quae
1421 2827 1492 2868 sus-
1521 2825 1547 2868 st

423 2922 542 3008 cipient
562 2946 729 3006 pompare,
758 2941 842 3006 quae
866 2918 1000 2984 eaedem
1023 2932 1100 2983 sunt
1122 2919 1228 2996 electi,
1252 2933 1298 2996 et,
1321 2922 1354 2983 ni
1378 2917 1494 2983 abbre-

420 3037 562 3100 viassem
585 3057 700 3100 eorum
725 3061 862 3118 χρονους,
892 3034 983 3098 nulla
1008 3032 1104 3121 ψυχη
1124 3036 1212 3108 daran
1238 3037 1401 3121 potuisset
1427 3055 1494 3097 ser-

421 3153 507 3227 vari,
537 3149 595 3214 sed
617 3153 736 3231 (anto)
759 3148 898 3213 fuissent
925 3161 1162 3234 αναλισκομεναι
1190 3150 1335 3234 migne,
1366 3151 1422 3235 qui
1444 3159 1495 3211 est

421 3267 455 3328 in
478 3289 565 3349 rapio
586 3285 752 3350 αρχοντωντ
782 3264 834 3326 hie
855 3266 954 3349 igitur
977 3275 1027 3328 est
1049 3285 1172 3340 sermo,
1203 3284 1302 3348 quem
1329 3275 1368 3330 tu
1393 3265 1493 3326 inter-

421 3379 543 3464 rogasti
565 3399 619 3440 me
641 3380 676 3440 in
698 3375 844 3464 ακριβειᾳ.
1520 3397 1546 3437 as

510 3489 649 3552 Factum
679 3487 710 3556 de
741 3502 803 3567 est,
839 3511 943 3576 quum
970 3489 1059 3555 Iesus
1091 3503 1249 3556 cessasset
1278 3489 1384 3556 dicere
1413 3489 1494 3554 haee

421 3600 525 3669 verba
548 3605 613 3666 suis
636 3599 799 3685 μαθηταις,
828 3616 1072 3690 prosternentes
1096 3627 1209 3670 omnes
1239 3627 1272 3670 se
1300 3604 1398 3669 simul
1435 3601 1492 3667 ad-

422 3728 560 3780 orarunt
582 3737 658 3780 eum
680 3729 778 3803 atque
808 3716 960 3782 dixerunt
989 3721 1031 3783 ei:
1067 3719 1134 3785 Nos
1164 3746 1307 3807 μωκαριοι
1326 3745 1410 3804 rapa
1432 3717 1492 3782 ho-

420 3829 562 3896 minibus
586 3834 723 3909 eunctis,
753 3831 919 3899 revelante
941 3846 975 3900 te
997 3832 1092 3900 nobis
1114 3835 1194 3900 haee
1222 3856 1342 3922 magna
1368 3834 1492 3920 magni·

419 3945 550 4010 tudinis.
1519 3968 1546 4010 se

509 4061 651 4149 Pergens
674 4060 780 4127 adhue
802 4060 891 4128 lesus
914 4065 949 4127 in
972 4084 1121 4128 sermone
1137 4061 1218 4127 dixit
1240 4065 1306 4128 suis
1328 4059 1492 4148 μωθηταιςε

420 4171 555 4252 Audite,
590 4165 699 4244 aurite
728 4175 768 4242 de
795 4177 909 4255 rebus,
945 4199 1029 4264 quae
1059 4190 1239 4244 evenerunt
1266 4177 1346 4242 mihi
1374 4180 1410 4242 in
1439 4200 1492 4264 ep-

503 4329 532 4390 8.
554 4331 594 4391 Et
615 4334 719 4412 (atque
741 4334 835 4417 igitur
855 4334 905 4410 P.)
947 4333 996 4394 18.
1012 4333 1049 4395 cl.
1065 4335 1120 4396 Ev.
1135 4334 1241 4396 Matth.
1257 4333 1309 4411 24,
1324 4333 1375 4394 22.
1400 4333 1491 4394 Marc.

420 4427 471 4508 13,
486 4429 537 4490 20.
580 4429 631 4490 22.
654 4433 801 4512 potuisset
821 4434 931 4496 servari
952 4434 1013 4514 (vel
1034 4436 1150 4518 potius:
1173 4446 1342 4500 servaretur
1361 4435 1413 4514 P.)
