3240 5328
934 481 1000 546 212

427 663 543 749 ειὼμω
567 663 613 739 ei,
636 658 739 726 simile
763 663 793 724 ei
815 662 850 724 in
872 661 986 745 quavis
1011 659 1132 746 specie,
1157 661 1296 723 existens
1318 661 1439 745 vagina
1463 685 1508 724 o·

425 776 562 862 ὼμιτος
584 787 677 840 extra
705 795 795 851 eam,
826 785 860 837 et
883 775 1027 858 quinque
1056 774 1166 859 magni
1197 797 1339 856 αρχοντες
1367 794 1507 859 magnae

427 889 604 977 ιῖμιιρμενης
620 914 736 964 mov,
759 899 858 973 atque
882 889 981 952 etiam
997 911 1100 969 epm
1116 883 1217 951 δισκου
1239 885 1326 960 solis,
1350 898 1385 949 et
1402 911 1504 970 ιρχων

427 1001 529 1071 &caeo
553 1001 651 1066 lunae
673 1001 755 1067 flant
775 1002 864 1065 intus
891 1002 926 1064 in
951 997 1095 1064 mediam
1116 995 1239 1084 ψυχην,
1272 1011 1305 1063 et
1332 1002 1443 1064 veniet
1465 1021 1504 1064 ex

428 1139 600 1204 caepim
624 1137 664 1181 ex
685 1135 760 1181 mea
781 1116 829 1189 vi,
854 1109 944 1200 quod
965 1112 1101 1176 rrltimus
1123 1137 1318 1194 capenam
1340 1111 1452 1176 intulit
1470 1115 1504 1176 in
1539 1137 1550 1174 s

313 1225 389 1300 339
427 1255 592 1316 asperatur,
622 1240 655 1293 et
675 1249 763 1310 μερος
784 1230 834 1292 vis
856 1225 943 1290 illius
971 1239 1082 1290 manet
1107 1228 1193 1289 intra
1214 1222 1326 1311 ψυχην
1349 1224 1503 1302 solutum,
1554 1244 1559 1259 ·

429 1344 568 1408 existens
603 1361 682 1406 suae
711 1341 813 1427 ipsius
844 1336 980 1427 ιξουσιας
998 1365 1068 1427 προς
1087 1365 1260 1420 οικοιιομιαν,
1291 1361 1356 1425 qua
1385 1361 1504 1425 posue·

426 1467 506 1522 runt
527 1454 570 1532 id,
592 1466 632 1518 ut
655 1453 748 1518 daret
771 1451 902 1528 acolaco
919 1450 1032 1544 ψυχῃ,
1058 1465 1097 1516 ut
1118 1455 1263 1538 inquirat
1285 1451 1433 1517 facinora
1455 1452 1505 1516 lu·

426 1571 523 1634 nrinis
546 1565 726 1632 altitudinis
749 1569 839 1632 omni
861 1579 1020 1654 tempore;
1044 1578 1077 1632 et
1096 1569 1145 1632 vis
1160 1565 1216 1630 illa
1231 1565 1364 1653 ὁμοιωζιι
1379 1564 1505 1652 figurae

426 1679 539 1770 lom
560 1685 594 1746 in
617 1681 732 1767 quavis
755 1683 861 1767 specie
884 1693 917 1747 ct
946 1681 1057 1745 similis
1081 1694 1130 1745 est
1153 1682 1198 1756 ei,
1225 1677 1316 1745 haud
1338 1693 1388 1744 est
1411 1692 1505 1744 extra
1528 1707 1548 1745 a

426 1791 547 1884 ψυχην,
570 1807 661 1862 ama
684 1807 795 1859 manet
816 1797 902 1858 intra
924 1815 1007 1871 eam,
1033 1819 1117 1861 aare
1140 1793 1286 1871 modum,
1310 1814 1376 1879 quo
1399 1795 1505 1880 impe·

426 1911 499 1976 ravi
522 1911 550 1974 ei
573 1908 649 1974 inde
672 1907 714 1972 ab
728 1910 830 1984 initio,
852 1907 1003 1972 illaturus
1027 1929 1100 1972 eam
1121 1910 1156 1972 in
1172 1909 1317 1995 primum
1333 1919 1504 1983 statutam,

426 2026 506 2088 iussi
529 2045 602 2089 eam
624 2043 758 2089 manere
781 2036 873 2086 extra
887 2018 1012 2109 ψυχας,
1030 2047 1101 2107 προς
1116 2047 1280 2106 oraoroparer
1301 2022 1399 2108 primi
1421 2047 1504 2104 μυσ-

426 2161 531 2222 τηριου,
554 2139 629 2203 ὥστε
651 2137 731 2202 haec
745 2134 848 2202 verba
870 2138 981 2200 omnia
1001 2134 1107 2199 dicam
1121 2133 1216 2200 vobis
1237 2136 1273 2198 in
1288 2134 1502 2222 explicatione

428 2247 469 2314 de
496 2252 545 2326 vi,
576 2263 675 2336 atque
704 2252 802 2314 etiam
832 2248 872 2313 de
894 2247 1006 2340 ψυχῃ,
1037 2269 1182 2335 quonam
1209 2275 1294 2335 τυπῳ
1324 2261 1543 2335 operenturo

426 2383 491 2436 aas,
515 2373 573 2426 aut
588 2364 660 2448 quis
684 2388 788 2448 αρχων
804 2374 958 2448 operetur
973 2384 1062 2440 eam,
1085 2375 1143 2426 aut
1158 2383 1320 2448 pisanam
1344 2365 1386 2425 sit
1401 2383 1500 2447 qaue-

425 2478 475 2540 vis
507 2478 628 2563 species
659 2473 786 2564 ψιχης,
817 2479 893 2544 ὥστε
917 2474 1024 2540 dicam
1053 2497 1092 2541 ea
1113 2474 1207 2540 vobis
1229 2479 1265 2539 in
1287 2475 1501 2562 explicatione

424 2593 583 2665 universi,
608 2603 690 2675 quot
712 2592 777 2653 sint
800 2601 972 2675 operantes
995 2589 1116 2678 siem
1141 2603 1174 2654 et
1196 2590 1301 2655 <licam
1323 2587 1418 2654 vobis
1440 2611 1499 2652 no·

424 2723 501 2766 men
525 2703 732 2788 operantium
760 2705 907 2766 omniurn
929 2699 1055 2790 ψυχην,
1086 2715 1120 2767 et
1149 2703 1254 2768 dicam
1276 2701 1371 2768 vobis
1399 2729 1500 2778 aoros,

425 2835 491 2900 quo
519 2818 723 2901 procrearint
750 2843 907 2902 αντιμιμον
929 2841 1097 2902 πνευματος
1124 2829 1157 2883 et
1178 2843 1300 2903 μοιρων,
1330 2830 1364 2882 et
1392 2815 1540 2881 dicante

423 2926 518 2994 vobis
541 2949 662 2994 nomen
684 2925 811 3014 ψυχης,
843 2943 1019 3016 antequam
1046 2943 1186 3018 purgata
1215 2932 1270 3006 sit,
1301 2943 1400 3016 atque
1431 2934 1499 2996 eius
1595 2990 1596 3007 ,

424 3063 556 3128 quoque
578 3064 708 3118 nomen,
733 3066 834 3128 quum
858 3046 1029 3130 purgarint
1052 3065 1133 3121 eam,
1158 3057 1198 3108 ut
1220 3047 1262 3110 sit
1284 3057 1443 3130 ιιλιιιριιης,
1467 3057 1501 3108 et

423 3154 530 3220 dicam
552 3155 645 3220 vobis
668 3179 789 3222 nomen
816 3183 977 3239 avrtppeoo
997 3183 1178 3242 europenses,
1210 3171 1243 3222 et
1270 3156 1376 3222 dicam
1402 3157 1499 3222 vobis

421 3289 543 3334 nomen
557 3295 673 3356 popae,
697 3283 730 3336 et
744 3269 851 3334 dicam
866 3268 959 3336 vobis
981 3292 1103 3336 nomen
1117 3271 1325 3337 vinculorum
1339 3273 1497 3346 omniurn,

308 3373 384 3448 340
423 3381 540 3468 quibus
564 3409 707 3468 αρχοντες
727 3384 870 3471 ligarunt
893 3410 1049 3468 αντιμιμον
1069 3410 1237 3468 πνευματος
1258 3388 1345 3449 intus
1374 3389 1408 3448 in
1431 3383 1495 3471 ψυ-
1518 3409 1539 3449 ι

419 3521 490 3578 xta,
514 3509 548 3558 et
570 3495 675 3561 dicam
697 3496 791 3562 vobis
815 3519 936 3563 nomen
959 3495 1085 3563 δεκωνων
1108 3501 1265 3575 omnium,
1293 3501 1349 3584 qui
1372 3497 1497 3562 faciunt

335 849 375 914 S(

420 3625 504 3691 opus
526 3603 623 3695 ψυχῃ
645 3611 679 3670 in
706 3633 826 3688 σωματι
845 3608 957 3696 ψυχης
985 3614 1020 3676 in
1049 3635 1171 3698 κοσμῳ,
1201 3625 1235 3676 et
1263 3609 1369 3676 dicam
1390 3610 1493 3686 vobis,

419 3739 563 3804 quanm
585 3721 713 3784 ratione
736 3719 856 3786 faciant
880 3745 963 3810 opus
981 3723 1117 3810 ψυχαις,
1141 3737 1175 3790 et
1197 3723 1302 3788 dicam
1324 3724 1421 3790 vobis
1445 3751 1493 3790 ro-
1593 3719 1594 3730 ¹

418 3857 472 3898 πον
493 3835 748 3920 uniuscuiusque
763 3831 882 3922 ψυχης,
907 3850 940 3902 et
954 3836 1061 3902 dicam
1075 3835 1169 3903 vobis
1189 3865 1279 3904 τυπον
1296 3837 1416 3927 alozos
1435 3839 1494 3904 ho·

417 3949 544 4012 minum
568 3961 601 4012 et
623 3951 735 4013 avium
758 3962 791 4014 et
813 3948 918 4037 θηριων,
949 3965 982 4016 et
1002 3951 1184 4039 reptilium,
1214 3966 1247 4017 et
1270 3951 1375 4016 dicam
1397 3951 1494 4016 vobis
1519 3977 1540 4018 s

416 4086 507 4128 mov
522 4058 639 4150 ψνχων
663 4065 811 4128 omnium
834 4089 984 4150 αρχοντων
1008 4069 1168 4144 omnium,
1201 4069 1258 4153 qui
1280 4069 1417 4131 mittunt
1439 4087 1496 4132 eas

498 4299 529 4360 5.
553 4301 601 4362 cf.
616 4281 671 4378 τῖ,
681 4305 711 4365 l.
732 4285 777 4380 τἐ,
788 4329 821 4366 a.
845 4307 918 4386 noer
932 4307 1014 4366 olel
1027 4311 1051 4365 ii
1065 4327 1176 4389 paror.
1191 4309 1293 4369 veniet
1308 4327 1343 4368 ex
1357 4307 1403 4366 iis.
1441 4307 1493 4367 10.

415 4397 491 4460 haud
505 4410 551 4461 est
564 4399 655 4480 (haud
668 4414 770 4484 potest
783 4427 847 4467 esse
862 4406 912 4485 P.)
954 4406 1006 4467 31.
1021 4418 1090 4468 ante
1105 4431 1254 4493 αρχοντων
1268 4406 1344 4490 (add.
1360 4406 1495 4486 „et”P.)
1591 4385 1592 4475 l
