3240 5328
926 446 992 512 eit

420 651 576 718 αρχοντες,
607 649 669 698 πως
692 627 849 714 seriptum
873 627 977 690 estin
1008 647 1089 712 νομῳ
1111 629 1274 696 mennae
1305 627 1361 712 qni
1388 623 1500 712 negle-

420 746 506 810 xerit
536 765 632 808 suum
662 753 791 829 patrem
820 752 854 804 et
889 760 982 804 suem
1014 751 1172 815 matrem,
1207 751 1315 804 morte
1350 741 1498 803 moriter.

420 857 508 922 Num
532 881 634 922 ιυκουν
653 877 738 934 repar
761 853 850 918 haud
873 853 1002 917 loeutus
1026 866 1076 918 ert
1091 852 1131 917 de
1151 851 1207 916 sei
1244 852 1334 918 Heee
1349 849 1382 917 tt
1396 875 1499 938 quum

421 969 533 1035 locuta
556 981 642 1034 esset
664 967 810 1042 salome,
837 969 872 1031 vi
897 966 1042 1043 luminis,
1074 987 1158 1052 quae
1185 968 1220 1030 in
1242 965 1344 1030 Maria
1366 965 1497 1052 Magda-

421 1082 511 1161 lene‚
543 1083 716 1148 ebulliente
744 1084 855 1156 inea,
887 1078 969 1144 dixit
994 1101 1112 1166 σωτηριι
1142 1081 1188 1144 mi
1217 1077 1365 1155 domine,
1395 1091 1498 1145 κελωι
1525 1103 1536 1140 ι

422 1197 517 1272 mihi,
548 1208 587 1259 ut
608 1196 746 1281 loquens
770 1214 846 1256 eum
868 1215 943 1257 mea
966 1215 1078 1258 sorore
1102 1191 1233 1257 Salome
1263 1192 1370 1256 dicem
1393 1194 1424 1256 ei
1446 1214 1498 1257 so·

421 1308 582 1372 lutionem
603 1307 709 1382 verbi,
733 1304 824 1392 quod
848 1305 966 1370 dixisti.
1010 1306 1148 1370 Factum
1175 1308 1274 1392 igitur
1298 1316 1363 1382 est,
1396 1327 1497 1391 quum

422 1445 515 1506 σωτηρ
539 1419 684 1485 audisset
710 1420 790 1484 haee
812 1418 927 1496 verbe,
959 1440 1044 1505 quae
1067 1418 1150 1482 dixit
1170 1419 1287 1494 Maria,
1318 1445 1499 1502 εμιιιιαριω

423 1555 495 1598 eam
520 1555 620 1620 quem
642 1536 795 1598 maxime.
832 1531 1046 1617 Respondent
1070 1557 1163 1616 σωτηρ
1187 1531 1268 1596 dixit
1289 1533 1427 1596 Mariae:
1449 1559 1498 1598 rte·

422 1659 503 1714 λευω
525 1646 593 1722 tibi,
616 1648 728 1724 Maria,
752 1646 858 1710 dicere
882 1645 1078 1711 solutionem
1096 1644 1197 1722 verbi,
1222 1644 1312 1732 quod
1335 1645 1416 1710 dixit
1438 1645 1496 1710 Se·
1523 1671 1542 1712 r

422 1759 519 1825 lome.
564 1761 653 1824 Haec
677 1782 775 1846 quum
798 1759 928 1824 loeutus
956 1772 1042 1824 esset
1064 1785 1172 1839 σωτηρ,
1203 1759 1305 1824 Maria
1327 1759 1499 1847 prosiliens

423 1873 467 1939 ed
489 1874 644 1940 Selomen
665 1899 825 1949 ησπασατο
855 1895 928 1938 eam
958 1873 1083 1938 dicens:
1114 1895 1188 1938 mea
1218 1895 1326 1950 soror,
1357 1871 1498 1948 Selome,

424 1987 465 2053 de
488 1987 607 2063 verbo,
637 1987 727 2073 quod
751 1987 873 2052 dixisti:
904 1985 1070 2074 Scriptum
1100 2000 1150 2051 est
1177 1989 1211 2050 in
1234 2013 1315 2074 νομῳ
1340 1990 1498 2063 Medum,

424 2103 481 2186 qui
503 2102 681 2188 neglexerit
703 2124 799 2166 suum
822 2114 950 2188 petrem
974 2112 1008 2164 et
1022 2122 1116 2164 suam
1131 2113 1280 2177 matrem,
1303 2113 1411 2165 morte
1427 2123 1497 2165 mo-

422 2216 515 2290 riter,
537 2237 624 2278 nune
646 2218 744 2301 igitur
768 2242 825 2290 ουν,
848 2236 922 2278 mea
946 2235 1049 2288 soror,
1073 2213 1214 2290 salome,
1238 2240 1322 2299 νομος
1337 2237 1405 2280 non
1421 2214 1498 2280 dicit
1520 2239 1538 2280 r

422 2325 485 2390 hoc
506 2339 642 2414 propter
664 2324 789 2414 ψυχην,
817 2353 882 2392 ever
904 2341 1040 2414 propter
1063 2353 1170 2409 σωμιι,
1196 2353 1262 2392 eure
1287 2342 1425 2415 propter
1447 2355 1497 2396 etr·

308 2439 383 2513 343
422 2465 542 2526 tepenter
560 2466 742 2524 πνευματος,
772 2440 863 2526 qued
884 2441 917 2504 hi
940 2468 999 2527 γαρ
1024 2463 1136 2505 omnes
1159 2441 1215 2505 filii
1239 2454 1316 2506 sunt
1338 2467 1497 2526 ιρχοπων,

424 2567 458 2620 et
480 2567 556 2620 sunt
579 2553 731 2630 anobis,
762 2567 852 2619 ωλλα
872 2581 958 2637 vapos
981 2555 1062 2619 dixit
1089 2555 1151 2620 hoe
1175 2554 1215 2619 de
1238 2557 1285 2630 vi,
1314 2577 1399 2640 quae
1423 2559 1497 2620 exiit

424 2687 441 2730 e
472 2691 575 2751 tempe
606 2687 691 2752 quae
722 2680 772 2730 est
802 2667 910 2731 incola
940 2668 1021 2733 lueis
1053 2670 1088 2732 in
1117 2668 1211 2733 nobis
1241 2667 1347 2733 hodie.
1396 2679 1497 2754 Νομις

421 2781 542 2842 iterum
572 2778 667 2842 dixit:
696 2783 922 2866 unusquisque
949 2803 1124 2846 mansurus
1153 2796 1245 2847 extra
1268 2809 1385 2868 rmum
1413 2787 1538 2850 eius-r

423 2912 487 2978 que
509 2917 675 2979 μυστηρια,
706 2895 775 2958 eius
803 2895 992 2981 parentibus
1021 2896 1189 2973 omnibus,
1221 2923 1254 2962 ου
1273 2923 1360 2978 μονον
1390 2911 1499 2963 morte

421 3008 595 3083 morietur,
627 3007 700 3073 αλλ’
722 3009 756 3069 in
787 3010 926 3092 pernicie
957 3009 1084 3096 peribit
1134 3010 1224 3075 Haec
1254 3032 1357 3096 quum
1386 3009 1499 3074 locuta

423 3133 508 3184 esset
529 3119 641 3197 Maria,
665 3120 796 3184 Salome
819 3121 990 3210 prosiliens
1015 3121 1224 3200 ediderim,
1246 3149 1406 3196 emerere
1425 3147 1498 3188 erm

420 3233 549 3296 iterum.
586 3233 679 3298 Dixit
693 3234 838 3299 Selome:
864 3247 913 3298 eet
934 3249 1081 3321 potestas
1105 3261 1208 3322 cerepi
1232 3236 1275 3301 ed
1295 3236 1498 3302 reddendam

420 3365 475 3410 me
493 3372 589 3433 νοεραν
609 3347 654 3412 ad
676 3351 780 3412 instar
802 3351 850 3411 tui
873 3350 983 3436 ipsius.
1028 3349 1166 3414 Factum
1190 3363 1252 3427 est,
1277 3373 1380 3436 quum
1402 3377 1495 3434 mm
1519 3375 1539 3414 ι

422 3457 567 3524 audisset
594 3459 697 3524 verba
726 3461 864 3538 Mariae,
900 3489 1081 3547 εμωκαρισεν
1111 3483 1184 3528 eam
1216 3487 1316 3550 quem
1345 3467 1497 3530 maxime.
1541 3458 1544 3466 ¹

420 3567 561 3654 Pergene
593 3571 700 3636 adhue
728 3599 822 3656 σωτηρ
854 3573 934 3638 dixit
963 3577 1085 3641 Mariae
1118 3581 1153 3642 in
1186 3579 1302 3643 mediis
1334 3579 1497 3662 peierare:
1595 3659 1596 3662 Ἴ

421 3679 499 3744 audi
519 3684 632 3768 igitur,
654 3684 771 3762 Maria,
801 3689 873 3771 quis
897 3691 940 3751 sit
961 3691 1158 3778 αναγκαζων,
1182 3690 1233 3762 ἕως
1256 3691 1360 3758 donee
1383 3713 1497 3780 pecca·
1595 3715 1596 3722 ¹

419 3807 493 3861 tum
515 3800 707 3862 committat.
751 3799 844 3863 Nunc
867 3803 965 3888 igitur
985 3829 1126 3891 αρχοντες
1144 3805 1361 3893 σφραγιζουσιν
1381 3833 1497 3890 ‹tmpu-

419 3933 476 3996 μον
495 3937 664 3995 πνευματος
686 3912 842 3980 adversus
864 3912 984 4004 dvm,
1007 3931 1046 3982 ut
1068 3931 1183 4010 σαλευῃ
1207 3941 1280 3984 eam
1304 3923 1393 3984 omni
1414 3920 1498 3985 hora
1520 3942 1542 3983 ι

501 4061 532 4125 7.
554 4067 653 4128 dixisti
675 4071 764 4148 (dixit
784 4068 830 4148 P.)
874 4071 922 4131 11.
943 4073 1024 4133 Haec
1045 4075 1122 4151 (add.
1145 4072 1224 4152 „dr”
1247 4077 1293 4153 P.)
1336 4075 1386 4135 18.
1410 4097 1499 4136 ene·
1595 4139 1596 4156 χ

418 4161 465 4223 bis
487 4167 537 4242 (ex
559 4166 594 4226 iis
617 4168 663 4246 P.)
705 4169 754 4230 20.
777 4171 814 4230 ei.
836 4171 891 4230 Ev.
913 4171 958 4232 Io.
981 4169 1032 4248 15,
1045 4173 1074 4233 6.
1129 4175 1178 4235 21.
1201 4175 1373 4256 parentibus
1395 4175 1498 4234 omni·
1595 4237 1596 4256 ἒ

417 4259 474 4321 bue
496 4265 648 4342 (parentes
671 4289 773 4331 omnes
795 4270 843 4346 P.)
897 4271 947 4330 22.
973 4273 1054 4334 Haee
1075 4274 1152 4354 (edd.
1175 4275 1321 4358 „igitur”
1342 4274 1391 4352 P.)
1444 4272 1495 4334 28.
1595 4245 1596 4325 i

418 4360 592 4439 αναγκαζων
613 4367 690 4444 (edd.
712 4368 915 4444 „hominem”
937 4372 986 4449 P.)
1595 4391 1596 4398 ¹
