3296 5354
664 455 708 520 33

143 636 249 704 decim
272 655 388 706 motae.
436 627 566 700 Eduxit
589 645 663 698 eam
685 657 828 718 αρχοντες
846 659 954 702 elevor
982 649 1016 703 et
1043 640 1119 704 irati
1147 653 1226 707 suut

143 754 188 827 ei,
232 751 388 835 quoniam
426 748 561 834 opinata
599 759 663 823 eet,
701 749 847 814 invenire
884 751 919 813 in
955 751 1223 838 magnitudinem.

142 863 285 950 Egressa
307 860 339 929 iz
362 884 379 927 e
403 859 578 925 duodecim
601 885 703 936 orori,
729 864 876 928 venitin
897 887 1134 949 τεπουςχεους.
1179 867 1226 932 Et

145 979 281 1042 accessit
304 975 347 1040 ad
368 977 438 1040 vim
463 973 595 1038 luminis
624 995 699 1039 cum
726 973 809 1040 facie
835 974 954 1055 leonia,
987 991 1028 1043 ut
1050 977 1225 1046 devoraret

102 1118 116 1156 a
145 1113 227 1155 eam
281 1087 577 1154 Circumdederunt
605 1084 637 1153 dr
673 1109 747 1152 cam
782 1089 933 1176 πρεβελει
970 1111 1083 1158 omnes
1118 1097 1224 1162 ύλικει
1275 1085 1324 1163 47

101 1197 124 1263 s
145 1175 301 1292 aedesius.
346 1202 392 1268 Et
414 1223 533 1288 magna
555 1203 605 1267 vis
627 1200 759 1266 luminis
782 1222 858 1266 cum
885 1202 968 1269 facie
989 1204 1093 1272 leonis
1123 1206 1223 1273 devo-

144 1321 232 1383 ravit
253 1315 394 1400 δυναμεις
414 1315 546 1380 lmninis
569 1318 604 1379 in
627 1324 739 1404 σοφιφ,
768 1328 801 1380 et
822 1320 977 1404 purgavit
1004 1321 1073 1383 eius
1102 1319 1224 1399 lumen,

147 1429 238 1517 quod
262 1429 446 1506 devoravit,
471 1430 595 1494 eteius
619 1431 703 1503 ύλην.
739 1428 953 1495 Proiecerunt
969 1453 1042 1496 eam
1064 1434 1099 1497 in
1115 1432 1223 1500 chaos.

148 1543 225 1608 Fuit
247 1569 350 1625 ερχων
373 1565 447 1607 cum
470 1541 552 1607 facie
575 1542 678 1608 leonis
701 1545 737 1607 in
760 1542 855 1620 chao,
879 1547 970 1609 cuiue
994 1545 1128 1611 dimidia
1145 1569 1223 1635 pars

93 1686 121 1727 ro
150 1672 200 1724 est
220 1657 367 1734 flamma,
389 1669 423 1720 et
445 1657 536 1722 cuius
559 1656 663 1721 altera
684 1677 761 1744 pers
785 1655 919 1722 dimidia
942 1670 992 1723 est
1016 1659 1134 1747 caligo,
1166 1662 1224 1746 qui
1283 1729 1290 1749 x

148 1786 198 1838 esi
224 1769 432 1847 niniam,
468 1791 566 1856 quem
596 1769 662 1834 un
690 1769 784 1837 vous
812 1769 925 1836 muas
952 1771 1087 1837 annus.
1133 1772 1224 1838 naec
1280 1748 1314 1796 ²<

145 1890 244 1974 igitur
267 1907 370 1972 quum
393 1883 481 1948 facta
503 1897 619 1961 essent,
647 1881 815 1950 debilitata
838 1898 888 1950 cst
909 1887 1007 1973 σοφια.
1031 1908 1131 1972 quam
1153 1909 1223 1951 ma-

147 2003 244 2065 xime.
288 2000 398 2085 Atque
420 2001 519 2063 etiam
540 2001 662 2086 incepit
683 2000 733 2064 vis
755 1997 888 2064 luminis
912 2020 987 2063 cum
1014 1999 1096 2065 facie
1118 1999 1223 2066 leonie

149 2112 280 2178 auferre
300 2115 387 2178 vires
411 2135 523 2178 omnes
545 2113 677 2177 lmuinis
699 2114 735 2176 in
756 2121 864 2202 copip.
907 2111 1017 2201 Atque
1042 2116 1128 2179 vires
1152 2137 1223 2179 om·

95 2255 122 2296 1⁵
148 2248 207 2292 nes
229 2229 335 2295 inm
354 2223 500 2298 ευθεδους
523 2224 808 2292 circumdederunt
829 2236 941 2316 σοφιεν
964 2227 1076 2304 simul,
1099 2226 1224 2293 afflixe-

147 2353 227 2406 runt
248 2363 330 2406 eam.
374 2340 570 2405 Exclamare
589 2343 812 2429 maximopere
836 2367 931 2413 πιστις
949 2350 1047 2430 capre
1070 2340 1225 2407 clamavit

148 2454 191 2520 ad
211 2455 324 2520 lumen
343 2453 522 2531 luminum,
553 2453 644 2542 quod
671 2455 754 2521 vidit
776 2454 818 2520 ab
840 2459 949 2534 initio,
978 2481 1162 2522 πιστευουσε
1185 2457 1223 2530 ei,

148 2582 181 2634 et
203 2568 284 2634 dixit
309 2569 393 2633 hanc
414 2593 575 2653 μετενοιων
599 2567 707 2633 dicens
730 2569 793 2635 hoc
820 2568 937 2636 modo:
967 2571 1104 2646 „lumen
1125 2568 1223 2633 lumi-

147 2705 236 2760 num,
259 2685 312 2748 cui
327 2706 489 2750 επιστευσε
502 2679 578 2746 inde
595 2680 637 2744 ab
652 2684 754 2758 initio,
777 2682 854 2747 audi
869 2685 968 2770 igitur
982 2705 1078 2761 nunc,
1101 2682 1224 2759 lumen,

96 2826 123 2867 ao
151 2819 259 2862 meam
269 2822 436 2882 amariter.
461 2793 564 2859 Serva
575 2817 638 2873 me,
653 2795 774 2872 lumen,
791 2796 881 2881 quod
894 2799 1106 2883 cogitationes
1116 2797 1225 2862 malae

149 2923 312 2976 venerunt
328 2912 435 2974 inme.
457 2878 654 3032 lntuijsum,
678 2908 835 2986 clemen,
857 2911 976 2994 ἰημερη
988 2909 1124 2974 inferno
1147 2908 1225 2973 Vidi
1257 2877 1306 2993 <tl

149 3023 262 3086 lumen
277 3025 312 3086 in
328 3022 384 3086 illo
402 3022 475 3088 loco
494 3025 652 3109 cogitans:
682 3043 735 3087 mc
749 3035 924 3088 venturam
942 3043 1013 3086 csse
1029 3024 1064 3085 in
1079 3046 1165 3087 τεπεν
1183 3020 1222 3085 il·
1271 3008 1324 3090 ὅθ

149 3135 229 3212 lum,
256 3148 294 3200 ut
312 3157 440 3200 sumam
456 3135 568 3202 lumen
584 3134 675 3200 illud.
710 3136 755 3201 Et
773 3157 948 3224 progressa
967 3157 1083 3201 versor
1096 3136 1131 3198 in
1147 3133 1223 3200 cali·

150 3252 233 3336 gine,
257 3253 390 3336 quaein
413 3249 493 3316 chao
508 3251 647 3315 inferno.
692 3249 759 3314 Nec
781 3252 876 3337 potui
899 3249 1039 3326 evolare,
1062 3251 1174 3316 venire
1188 3251 1224 3313 in

96 3395 124 3435 a
151 3386 369 3442 meumaoaecv,
391 3378 569 3454 propterea
591 3362 719 3450 affligor
736 3361 1109 3451 inapossoaaiaomnibue
1128 3360 1223 3429 aode-

149 3476 225 3556 dooc,
244 3492 276 3544 et
290 3482 339 3545 vie
355 3501 431 3545 cum
448 3478 531 3544 facie
545 3479 649 3544 lconis
665 3477 801 3544 abstulit
814 3500 927 3545 meum
940 3478 1062 3556 lumen,
1086 3476 1176 3564 quod
1190 3480 1226 3542 in

147 3615 210 3658 me.
246 3594 292 3660 Et
314 3594 495 3660 exclamavi
518 3590 560 3656 ad
582 3589 726 3671 βοηθειεν,
749 3614 855 3680 neque
877 3615 952 3658 mea
968 3615 1035 3660 vox
1056 3589 1225 3659 adscendit
1319 3583 1321 3586 ’

146 3709 181 3772 in
204 3707 347 3794 caligine.
392 3706 437 3772 Et
459 3705 595 3793 adspexi
621 3709 656 3771 in
679 3705 897 3786 altitudinem,
927 3721 966 3772 ut
988 3704 1116 3796 βοηθησῃ
1143 3707 1225 3770 mihi

147 3819 269 3896 lumen,
294 3824 347 3885 cui
369 3819 499 3886 credidi.
529 3820 575 3888 Et
596 3841 701 3908 quum
724 3820 943 3910 adspexissem
958 3822 993 3885 in
1008 3817 1223 3893 altitudinem,

234 3989 263 4048 1.
286 3987 441 4050 duodecim
461 4015 565 4056 αιωνας
585 3993 647 4074 (vel
669 3994 786 4076 potius:
809 3991 1015 4052 duodecimum
1030 4011 1126 4046 nuova.
1163 3986 1225 4047 Sed

147 4087 309 4172 legendum
325 4087 449 4151 sortasse
464 4092 495 4151 in
509 4104 593 4154 textu
611 4097 826 4152 uufircoooee
841 4088 1048 4167 „duodecim”
1064 4107 1119 4167 pro
1133 4105 1228 4170 ωαχ

144 4193 340 4250 ninum
361 4190 615 4268 „duodecimum”
629 4193 663 4254 P.
722 4193 751 4252 1.
778 4187 901 4250 Εδιωκον
922 4184 1068 4271 (Εδιωξαν
1087 4186 1137 4263 Ρ.)
1192 4187 1223 4247 2.

145 4289 178 4350 in
199 4288 362 4368 (deleaturc
384 4291 415 4352 in
437 4293 488 4372 Ρ.)
531 4293 582 4354 13.
604 4293 649 4355 vie
671 4291 748 4373 (add.
770 4289 820 4352 illa
840 4290 890 4369 P.)
932 4289 983 4348 25.
1006 4299 1166 4370 propterea
1179 4286 1224 4349 ai-

147 4389 239 4474 lligor
259 4395 432 4472 (propterea
454 4393 535 4475 quod
556 4393 676 4479 affligor
696 4392 744 4456 vel
757 4387 897 4468 afflictus,
920 4409 1078 4474 oppressus
1092 4411 1158 4452 sum
1176 4388 1224 4466 Ρ.)

1000 4523 1021 4571 0
