3296 5354
961 483 1004 551 62

446 673 515 736 eius
538 668 650 733 lumen
673 670 807 753 eiusque
829 667 907 731 vim
944 664 1037 731 Nunc
1059 667 1159 752 igitur
1182 685 1276 730 serva
1295 685 1358 741 me,
1381 677 1421 729 ut
1442 686 1523 754 gau·

447 783 557 860 deam,
587 803 665 847 nam
687 781 764 847 volo
788 782 819 869 (i.
839 802 866 846 e.
890 777 1051 864 desidero)
1076 779 1238 844 decimum
1260 781 1395 844 tertium
1419 805 1523 856 arura,

345 891 395 964 93
445 924 532 966 soron
550 895 739 974 danaorum,
763 909 796 961 et
819 892 925 961 dicam
948 897 1222 982 omnitempore:
1245 895 1347 981 magis
1372 893 1523 981 splende-

445 1013 495 1076 bit
516 1011 628 1076 lumen
650 1010 708 1075 leri
730 1013 779 1074 tui
809 1023 964 1096 αγγελου,
995 1021 1028 1073 et
1055 1030 1130 1073 mea
1156 1008 1269 1095 lingua
1295 1012 1435 1092 ύμνιυσει
1462 1007 1523 1072 u'bi

445 1129 479 1191 in
502 1139 560 1190 tua
583 1127 764 1212 cognitione
786 1137 896 1188 totum
923 1135 1054 1210 tempus
1082 1125 1116 1186 in
1140 1121 1265 1187 decimo
1289 1123 1386 1187 tertio
1412 1122 1520 1188 ecurt?
1562 1148 1575 1185 s

445 1241 590 1326 Factum
606 1251 670 1314 est,
707 1258 810 1324 quum
832 1236 922 1302 Iesus
945 1235 1069 1302 finisset
1092 1235 1197 1301 dicere
1226 1236 1306 1300 haee
1327 1235 1432 1300 verba
1455 1239 1521 1302 suis

445 1351 607 1442 μαθηταις,
639 1351 719 1415 dixit
745 1353 799 1427 iis,
830 1354 885 1437 qui
915 1359 999 1437 νηφει
1021 1353 1056 1415 in
1082 1350 1193 1427 vobis,
1227 1349 1376 1438 proferto
1405 1371 1522 1416 eorum

447 1466 653 1532 solutionem.
697 1464 892 1552 Progressus
921 1463 1059 1529 Iacobus
1099 1465 1248 1530 osculum
1279 1463 1367 1528 dedit
1395 1467 1520 1552 pectori

445 1580 532 1657 Iesu,
562 1579 655 1644 dixit:
685 1579 731 1642 mi
755 1578 899 1657 domine,
929 1588 1013 1666 νηφει
1036 1578 1116 1643 mihi
1137 1592 1233 1643 tuum
1256 1603 1392 1656 πνευμα,
1421 1592 1520 1664 atque

446 1718 520 1761 sum
548 1707 699 1784 promtus
731 1692 773 1758 ad
802 1693 1035 1781 proferendam
1066 1714 1181 1758 eorum
1212 1693 1418 1758 solutionem.
1470 1692 1520 1756 De
1549 1717 1572 1758 κ

444 1810 508 1874 hoo
535 1812 607 1898 ipso
636 1823 695 1872 tua
715 1810 765 1872 vis
789 1811 1003 1896 repudiaturo
1031 1807 1109 1873 olim
1136 1829 1195 1894 per
1216 1807 1378 1871 Davidem
1405 1807 1440 1870 in
1462 1810 1520 1871 tn·-

446 1928 565 1990 cesimo
590 1935 708 2010 quarto
730 1921 862 1986 Psalmo
886 1922 995 1986 dicens
1022 1921 1085 1985 hoo
1115 1920 1215 1985 modo
1240 1921 1279 1986 de
1307 1943 1395 1985 nona
1423 1947 1520 2002 μετα-

445 2065 508 2126 voca
526 2062 650 2107 πιστεως
669 2045 794 2123 reptes:
824 2035 973 2114 ,‚ludiea,
1002 2033 1146 2110 domine,
1176 2037 1232 2120 qui
1254 2037 1372 2098 iniuria
1395 2056 1448 2099 me
1470 2034 1519 2098 ai·

443 2151 572 2229 fieiunt3
594 2172 705 2237 pugna
728 2171 803 2212 eum
824 2148 1044 2237 pugnantibus
1065 2170 1203 2213 meeum.
1241 2149 1409 2214 Prehende
1429 2153 1520 2238 irato

445 2277 478 2329 et
501 2262 612 2348 θυρεονς
636 2284 749 2347 surgas
770 2261 813 2327 ad
834 2262 946 2338 βοηθειν
969 2263 1062 2340 mihi,
1088 2265 1163 2328 eiioe
1188 2262 1331 2349 gladium
1355 2277 1389 2329 et
1410 2264 1517 2328 oeelu-
1546 2289 1570 2330 rs

445 2377 503 2442 das
528 2398 604 2442 eum
626 2396 737 2439 eoram
759 2375 825 2452 his,
856 2379 912 2461 qui
935 2374 1072 2453 θλιβουσι
1095 2398 1157 2441 me.
1202 2377 1263 2442 Dio
1291 2399 1384 2442 meae
1406 2375 1518 2468 ψυχῃε

443 2491 515 2578 Ego
541 2511 613 2554 sum
635 2502 702 2564 tua¹
718 2489 815 2554 salus
860 2487 990 2554 Pudore
1014 2489 1214 2567 afficiuntor,
1247 2504 1286 2555 ut
1308 2505 1518 2557 consternan-

443 2616 499 2668 tur
528 2617 721 2690 quaerentes
749 2609 858 2668 meam
888 2600 1007 2691 ψυχην.
1060 2604 1304 2670 Convertuntor
1337 2618 1443 2682 retro,
1480 2620 1519 2670 ut

442 2717 570 2806 pudore
606 2717 791 2782 afficiantur
821 2721 999 2805 cogitantes
1034 2717 1114 2782 mihi
1148 2719 1245 2783 mala.
1299 2717 1403 2784 Sunto
1435 2724 1519 2784 sicut

343 2825 392 2897 94
442 2831 551 2920 pulvis
574 2853 685 2896 coram
706 2846 822 2909 vento,
858 2845 891 2897 et
914 2845 1048 2919 αγγελος
1071 2829 1193 2896 domini
1221 2837 1426 2920 persequitur
1449 2856 1516 2899 eos.
1541 2859 1565 2899 υ

442 2945 525 3011 Esto
541 2967 665 3014 eorum
686 2949 742 3012 via
765 2947 867 3034 caligo
891 2957 924 3011 et
950 2949 1146 3034 impingant,
1178 2960 1276 3032 atque
1300 2961 1435 3033 ωγγελος
1456 2946 1516 3014 do·

442 3063 522 3125 mini
545 3060 672 3139 θλιβετω
696 3083 766 3138 eos,
797 3060 888 3148 quod
917 3061 1130 3125 occiduorum
1155 3061 1235 3124 mihi
1263 3061 1419 3146 laqueum
1448 3065 1517 3128 sine

442 3177 529 3240 iusta
552 3197 650 3239 causa
672 3178 706 3239 in
728 3177 904 3264 perniciem
927 3197 1022 3239 suam
1046 3175 1159 3251 solam,
1184 3188 1217 3240 et
1237 3163 1409 3239 irriserunt
1423 3199 1516 3242 meae

442 3284 538 3379 ψυχῃ
560 3291 723 3352 iuvenum.
768 3287 888 3354 Venite
911 3291 950 3354 iis
972 3288 1125 3374 laqueus,
1160 3310 1259 3375 quem
1286 3292 1451 3375 ignorant,
1482 3304 1516 3356 et

440 3399 668 3488 prehendunto
694 3423 749 3465 eos
772 3401 921 3477 insidiae,
946 3424 1027 3487 quas
1052 3402 1265 3468 occuluerunt
1286 3403 1381 3480 mihi,
1405 3417 1438 3468 et
1461 3427 1513 3468 ea·
1538 3425 1560 3466 ι

442 3510 546 3575 dunto
577 3533 676 3597 super
709 3513 797 3576 hune
827 3513 993 3598 laqueum.
1051 3515 1124 3580 Mea
1153 3513 1248 3604 ψνχη
1278 3513 1310 3582 di
1339 3517 1515 3583 laetabitur

442 3643 541 3710 super
570 3623 713 3700 domino,
745 3638 778 3688 et
808 3629 871 3689 erit
899 3624 1010 3691 hilaris
1042 3650 1141 3715 super
1172 3633 1239 3694 eius
1271 3629 1385 3695 salute.
1442 3631 1515 3697 Mea

442 3757 518 3801 ossa
541 3739 650 3800 omnia
672 3736 794 3814 dicem,
825 3738 971 3815 domine,
1000 3744 1072 3827 quis
1096 3745 1157 3807 erit
1180 3743 1290 3807 similis
1313 3743 1392 3807 tibi?
1438 3743 1513 3809 Ser-

340 3842 388 3919 95
439 3875 499 3918 vas
521 3855 700 3941 pauperem
724 3875 743 3916 a
765 3875 868 3917 manu
890 3852 1045 3932 fortioris,
1070 3869 1103 3920 et
1130 3855 1249 3920 liberas
1277 3879 1458 3945 pauperem
1480 3872 1513 3922 et

439 3969 596 4032 miserum
620 3965 660 4030 ab
684 3965 749 4044 his,
787 3970 844 4054 qtri
872 3965 1028 4055 diripiunt
1054 3989 1120 4034 eos.
1166 3968 1386 4035 Surrexerunt
1411 3984 1510 4037 testes
1537 3993 1559 4034 o

438 4083 565 4158 iniusti,
593 4082 836 4168 interrogarunt
857 4103 926 4158 me,
956 4104 1041 4167 quae
1062 4080 1152 4147 haud
1173 4087 1268 4161 novi3
1290 4084 1513 4150 retribuerunt

439 4194 519 4257 mihi
548 4194 635 4258 mala
665 4195 737 4260 loco
767 4193 949 4273 bonorum,
980 4208 1013 4261 et
1041 4195 1185 4262 filiorum
1215 4197 1390 4262 orbitatem
1418 4221 1512 4264 meae

438 4302 549 4397 'Wi-
589 4305 660 4392 Ego
684 4305 724 4385 de,
749 4329 864 4374 eorum
886 4321 1092 4394 ενοχλουντων,
1115 4310 1206 4375 indui
1229 4333 1372 4389 saccum,
1396 4325 1429 4380 et
1450 4312 1510 4379 hu·

521 4441 551 4502 5.
574 4454 673 4504 totum
694 4445 780 4523 (adde
801 4467 899 4508 meum
919 4448 969 4525 P.)
1021 4448 1072 4509 30.
1096 4469 1147 4511 eos
1170 4453 1252 4530 (eum
1274 4451 1323 4528 P.)
