3254 5340
622 477 687 546 137

115 663 253 748 penitus.
299 657 476 747 Progressa
505 655 607 723 Maria
640 657 832 748 Magdalena
866 663 1045 746 prostravit
1079 683 1113 728 se
1149 658 1193 727 ad

116 774 214 863 pedes
237 773 325 851 Iesu,
350 772 502 838 odoravit
524 795 595 850 eos,
620 773 827 851 exclamavit,
851 775 931 840 flens
949 775 1041 840 dixit:
1072 778 1192 853 „misc-

116 910 187 954 rerc
210 891 290 966 mei,
324 890 369 951 mi
401 886 549 965 domine,
584 887 728 974 alioquin
755 891 820 953 mei
849 888 967 954 fratres
997 889 1193 984 audiverunt

119 1016 151 1067 et
173 1000 370 1067 destiterunt
392 1025 411 1065 a
433 1000 558 1077 verbis,
587 1023 671 1087 quae
695 1002 773 1066 dicis
796 1005 844 1066 iis.
889 1003 982 1068 Nunc
1005 1008 1117 1091 igitur,
1146 1007 1192 1068 mi

78 1140 94 1179 s
119 1114 262 1193 domine,
292 1115 333 1181 de
357 1116 539 1202 cognitione
562 1115 682 1178 horum
708 1115 886 1180 verborum
915 1120 1077 1194 omnium,
1107 1140 1191 1203 quae

119 1227 240 1306 dixisti,
264 1232 397 1294 suntin
419 1255 570 1315 μυστηριῳ
588 1227 778 1304 lneffabilis,
802 1231 875 1295 αλλ’
894 1229 1003 1294 audivi
1026 1244 1059 1295 te
1083 1229 1191 1294 dicen·
1230 1222 1304 1299 217

117 1357 184 1408 tem
218 1343 309 1407 mihi:
350 1341 426 1408 inde
469 1341 510 1406 ab
546 1341 609 1407 hoc
643 1346 800 1430 temporis
835 1357 1003 1408 momento
1039 1346 1192 1430 incipiam

119 1457 209 1541 loqui
231 1456 399 1521 vobiscum
423 1457 463 1522 de
492 1458 674 1544 cognitione
704 1459 792 1521 omni
818 1483 980 1540 μυστηριιυ
1007 1456 1191 1522 ineffabilis.

119 1569 190 1634 Hoc
214 1570 351 1634 verbum
375 1597 435 1646 our,
464 1570 554 1657 quod
579 1570 701 1646 dixisti,
729 1593 810 1634 num
839 1569 986 1634 nondum
1015 1571 1192 1659 adpropin-

68 1709 95 1750 ro
121 1687 227 1770 quasti
251 1684 291 1748 ad
314 1684 548 1772 perficiendum
570 1684 729 1749 verbum?
760 1684 900 1771 Propter
915 1685 977 1748 hoc
993 1712 1040 1749 ουν
1057 1684 1192 1750 audien·

116 1811 165 1863 tes
190 1797 398 1876 destiterunt,
433 1813 604 1864 cessarunt
632 1799 790 1875 caedetur,
825 1821 891 1886 quo
922 1797 1021 1862 modo
1051 1821 1125 1862 cum
1152 1801 1191 1864 iis

117 1912 262 1999 loquaris
284 1927 422 2002 propter
444 1912 546 1977 verba
574 1935 659 1999 quae
690 1912 768 1978 diois
796 1915 844 1976 iis.
889 1913 982 1976 Nunc
1004 1915 1117 1999 igitur,
1145 1915 1192 1977 mi

119 2025 264 2104 dominc,
296 2031 321 2092 si
345 2029 486 2114 cognitio
509 2028 629 2092 horum
653 2029 800 2092 omnium
825 2029 930 2090 estin
951 2053 1103 2113 μυστηριῳ
1124 2026 1192 2103 illo,

121 2143 193 2226 quis
216 2154 266 2205 cst
291 2141 391 2205 horno
414 2145 448 2205 in
470 2167 594 2230 serap,
620 2144 671 2206 cui
698 2154 748 2207 est
769 2144 818 2206 vis
842 2167 910 2206 ιεοιιν
933 2166 1089 2224 prosapiae
1110 2139 1193 2206 illud

68 2280 96 2321 rs
124 2255 256 2340 eiusque
279 2258 427 2319 scientias
451 2278 578 2332 omnes,
611 2269 644 2320 et
664 2282 755 2321 soror
777 2255 897 2320 horum
919 2254 1096 2320 verborum
1121 2276 1192 2320 om·

120 2369 219 2445 nium,
244 2373 335 2434 cuius
360 2391 457 2433 causa
480 2369 588 2434 dixisti
612 2369 692 2434 ea?’'
729 2369 867 2434 Factum
890 2372 1064 2455 igiturest,
1089 2391 1192 2454 quum

116 2480 207 2547 Iesus
236 2482 380 2548 audisset
407 2484 488 2548 hacc
514 2483 631 2561 verba,
661 2505 744 2569 quae
774 2482 854 2548 dixit
882 2483 999 2559 Maria,
1028 2484 1191 2569 cognovit,

118 2596 286 2662 audientes
309 2595 448 2682 petisses
468 2599 616 2679 αρχισόιι
633 2596 803 2675 desistere,
827 2597 1023 2662 confirmans
1041 2619 1096 2662 eos
1113 2596 1193 2660 dixit

119 2712 174 2774 iis:
203 2733 245 2776 ne
268 2725 381 2783 λυπητι
402 2714 501 2798 igitur
523 2715 588 2776 mei
609 2711 742 2795 μιθηται
770 2711 811 2776 de
833 2739 984 2797 μυστηριῳ
1006 2710 1192 2788 lneffabiiis

64 2850 94 2893 so
122 2826 303 2911 opinantes,
324 2848 385 2890 vos
409 2825 498 2890 haud
514 2852 619 2898 roscen
636 2847 683 2891 ea.
710 2829 808 2910 Ἀμην
832 2825 903 2888 dico
920 2824 1023 2899 vobis,
1044 2840 1194 2890 vestrum

120 2951 172 3004 est
193 2965 349 3023 μυστηρων
371 2939 461 3017 illud,
486 2953 520 3004 ct
540 2943 805 3026 uniuscuiusque,
829 2941 885 3024 qui
909 2937 1068 3001 obedierit
1088 2937 1192 3014 vobis,

118 3067 158 3118 ut
179 3079 390 3121 ostreorum
415 3055 490 3118 huic
517 3080 624 3139 κοσμῳ
648 3056 737 3117 omni
767 3066 800 3116 et
825 3056 884 3143 disp
915 3053 1018 3126 omni,
1048 3072 1132 3135 quae
1159 3053 1193 3114 in

118 3190 174 3246 eo,
215 3181 248 3233 et
274 3171 324 3232 uti
354 3194 550 3236 oneraremur
586 3166 835 3255 cogitationibus
870 3163 1020 3230 omnihus
1050 3188 1194 3244 correers,

120 3303 205 3367 quae
228 3285 360 3348 suntin
382 3285 435 3360 iis,
470 3285 574 3348 etuti
596 3308 791 3348 extremm
816 3283 899 3345 curis
924 3278 1074 3344 omnibus
1097 3279 1193 3346 huius

64 3419 93 3462 ι
121 3421 232 3466 omos.
276 3397 368 3462 Nunc
390 3401 490 3484 igitur
514 3425 561 3462 coo
586 3396 656 3461 dico
680 3395 788 3460 vobis:
818 3397 993 3480 unicuique
1017 3389 1193 3481 ωποταξοντι
1232 3385 1307 3458 218

118 3537 227 3598 κοσμῳ
251 3514 312 3576 toti
336 3526 369 3576 ct
392 3512 559 3588 omnibus,
589 3533 672 3598 quae
695 3513 730 3574 in
753 3533 807 3587 eo,
831 3522 864 3574 et
885 3506 1060 3597 ύποτιξοντι
1084 3507 1193 3574 divino
1238 3559 1244 3569 .

117 3629 258 3703 numini,
287 3651 450 3710 μυττηριου
472 3625 558 3690 illius
591 3624 696 3689 levius
725 3626 779 3713 (sc.
803 3625 865 3690 hoc
887 3623 1055 3710 μυστηριον)
1083 3626 1121 3688 iis
1146 3635 1196 3688 est

118 3763 221 3827 quam
243 3766 395 3824 μυστηρισ.
411 3743 521 3804 omnia
535 3742 625 3827 regni
647 3739 792 3818 luminis3
817 3753 850 3804 et
865 3743 1017 3804 convenit
1031 3767 1098 3804 voto
1113 3735 1195 3801 iilud

119 3856 226 3939 magis
249 3875 350 3940 quam
372 3855 452 3922 haec
476 3856 595 3931 omnia,
619 3867 652 3920 et
671 3854 801 3942 planius
825 3865 874 3917 est
889 3857 928 3916 iis
945 3849 1105 3916 omnibus.
1142 3847 1194 3910 ln-

63 3988 92 4031 so
120 3977 214 4030 trans
237 3969 271 4030 in
294 3970 510 4054 cognitionem
530 3967 616 4033 illius
638 3993 799 4054 μυστηριου
819 3990 984 4030 crateron
998 3963 1073 4026 huic
1088 3985 1196 4048 κοσμῳ

205 4123 235 4188 ’1.
257 4126 394 4208 incipiam
409 4127 546 4216 (αρξομαι
568 4127 615 4204 Ρ.)
658 4127 707 4186 10.
730 4126 858 4206 Propter
878 4123 935 4183 hoc
954 4145 1002 4181 ουν
1019 4119 1096 4197 (add.
1113 4119 1195 4197 „sra-

117 4239 182 4290 21'28
204 4228 288 4288 mei”
310 4229 360 4307 P.)
402 4231 454 4290 21.
477 4254 584 4299 νοησειν
606 4223 944 4304 ea(vor,erwids.iiind
966 4223 1013 4298 P.)
1054 4223 1195 4282 Quate-

114 4353 266 4390 τασσωσιν
280 4333 516 4410 (antecessorem
530 4331 592 4408 P.),
613 4329 647 4389 it
663 4327 683 4388 i.
698 4326 748 4386 23.
760 4322 812 4385 24.
853 4322 906 4384 25.
922 4319 1095 4408 αποταξοντι
1110 4327 1198 4402 (απο-

115 4427 267 4516 suffocator
288 4431 338 4510 P.)
379 4429 431 4491 26.
451 4426 624 4516 ὖποταξοντι
642 4421 858 4512 (tetragonos
875 4425 925 4506 P.)
965 4423 1016 4486 30.
1038 4447 1198 4487 enormes
