3254 5340
944 473 988 538 82

427 657 497 720 vim
519 651 693 721 Sabatthis
717 649 852 739 epodon,
880 663 914 715 et
938 652 1056 718 venisti
1085 653 1120 714 in
1147 676 1235 716 τοπον
1258 675 1424 737 eppesteim,
1448 653 1502 718 de-
1614 637 1615 640 Ἴ

429 769 505 834 disti
527 770 565 832 iis
587 790 739 854 μυστηρια,
761 764 948 840 altitudinis,
973 778 1006 829 ct
1029 763 1164 830 luerunt
1186 762 1291 831 δικαιοι
1315 778 1349 830 et
1370 765 1503 830 suerunt

429 881 548 968 αγοιθοι.
593 890 694 966 Ειρηνη
725 901 856 966 quoque
887 892 936 944 est
958 881 1007 942 vis
1031 877 1220 955 sabatius,
1248 901 1332 965 quae
1361 883 1432 966 ipsa
1455 891 1503 944 est

429 1009 489 1060 tua
513 992 625 1080 dmm,
655 1016 739 1080 quae
766 995 892 1056 introiit
918 995 953 1055 in
979 995 1053 1064 ύλην
1081 993 1272 1078 βαρβηλους,
1303 1007 1336 1057 et
1363 1020 1503 1076 αρχοντις

431 1131 544 1182 omnes
567 1110 702 1171 notitiae
725 1131 825 1177 esuris
843 1103 1031 1172 debraothis
1048 1107 1079 1192 (i.
1096 1129 1123 1171 e.
1139 1133 1240 1175 eiures
1254 1110 1443 1194 pertinentis
1461 1106 1502 1172 ad
1533 1132 1544 1169 s

430 1223 472 1306 J.)
497 1222 646 1286 lecerunt
667 1242 722 1302 eas
746 1247 847 1304 ειρηνην
871 1242 947 1282 cum
967 1246 1120 1307 μυστηριῳ
1142 1221 1282 1284 luminis.
1324 1219 1431 1305 Atque
1447 1243 1502 1284 ve-

430 1338 509 1399 ritas
532 1337 790 1422 progerminavit
812 1356 829 1398 e
852 1347 949 1398 tcrra.
994 1334 1083 1406 Hace
1104 1332 1138 1400 du
1161 1336 1216 1421 (sc.
1232 1335 1292 1418 est)
1315 1337 1364 1398 vis
1380 1333 1501 1398 Sabad-

430 1448 494 1512 this
518 1447 645 1532 ωγαθου,
670 1469 754 1532 quae
778 1450 855 1511 exiit
878 1470 894 1512 e
917 1473 999 1534 τοπῳ
1022 1447 1147 1522 dextro,
1171 1450 1227 1532 qui
1250 1461 1342 1510 extra
1364 1446 1502 1528 θησαυρον

428 1561 571 1636 luminis,
596 1574 630 1625 ct
649 1565 741 1625 venit
763 1562 817 1648 (sc.
833 1561 894 1645 vis)
918 1564 951 1624 in
967 1587 1052 1626 τοπον
1074 1561 1194 1625 horum
1217 1583 1301 1646 quac
1317 1561 1500 1648 (pertinent)

319 1671 391 1743 128
431 1675 474 1742 ad
497 1678 676 1752 sinistram,
698 1677 845 1740 venitin
871 1679 946 1748 ὑλην
970 1675 1146 1756 depectens
1173 1686 1206 1739 et
1227 1672 1360 1762 εκηρυξεν
1381 1677 1419 1738 iis
1442 1703 1502 1758 μυ·
1526 1699 1547 1738 ιο

430 1815 533 1876 crupta
551 1814 642 1854 τοπσυ
663 1787 812 1863 candelas.
856 1797 1033 1861 Δικαιπυνη
1055 1810 1187 1874 quoque
1203 1786 1350 1874 despexit
1365 1809 1382 1852 e
1398 1788 1502 1852 caelo:

429 1917 468 1969 tu
491 1927 525 1968 es
547 1906 692 1990 primum
713 1929 880 1987 μυστηριον,
902 1904 1137 1989 introspiciens,
1158 1904 1276 1966 venisti
1300 1924 1504 1984 οχωρημοσιι
1610 1924 1611 1933 ’

429 2017 609 2082 altitudinis
633 2030 666 2081 et
687 2041 854 2108 numerus
876 2020 967 2102 regni
989 2017 1130 2092 luminis,
1153 2029 1187 2081 et
1207 2019 1324 2080 venisti
1348 2039 1446 2103 super
1461 2043 1504 2082 n·-

368 2116 399 2200 *
430 2129 517 2212 dine
540 2131 680 2206 luminis,
705 2129 795 2216 quod
819 2133 970 2218 accepisti
993 2153 1012 2192 a
1029 2130 1189 2216 βαρβηλῳ,
1214 2129 1305 2215 quod
1327 2144 1376 2194 est
1397 2131 1503 2206 lesus,

428 2256 541 2308 noster
564 2257 721 2319 servator,
751 2265 849 2330 super
873 2243 963 2328 quod
989 2247 1106 2308 venisti
1130 2246 1213 2307 sicut
1235 2243 1396 2308 columba.
1440 2243 1502 2308 Fa·
1527 2269 1549 2308 rs

430 2368 520 2420 ctum
542 2358 640 2442 igitur
663 2371 725 2432 est,
756 2379 859 2441 quum
885 2357 1053 2421 «lohannes
1080 2357 1270 2445 protulisset
1290 2358 1370 2422 haec
1392 2357 1503 2434 verba,

430 2469 512 2534 dixit
540 2473 568 2533 ci
596 2472 740 2556 primum
769 2497 941 2554 perceptor,
970 2474 1186 2559 prospiciens=
1215 2497 1298 2556 ευγι,
1326 2472 1503 2546 lohannes,

429 2581 531 2647 frater
555 2582 678 2646 dilecte.
724 2583 871 2649 Perrexit
900 2584 1006 2648 adhuc
1029 2589 1173 2672 primum
1200 2589 1356 2668 μυστηριον
1380 2585 1503 2649 dicens:

429 2695 566 2762 Factum
589 2698 687 2781 igitur
711 2711 767 2771 est,
791 2700 840 2762 vis
865 2701 942 2761 exiit
965 2720 1004 2761 ex
1027 2699 1206 2774 altitudine,
1230 2721 1314 2784 quac
1337 2721 1411 2762 sum
1432 2721 1503 2784 ego,

428 2823 522 2897 patre
547 2809 714 2896 delegante
733 2833 799 2886 mc,
825 2810 866 2874 ad
890 2811 1083 2876 servandam
1106 2839 1201 2878 πιστιν
1224 2823 1336 2900 reptet·
1358 2817 1392 2877 in
1409 2813 1502 2876 chao.
1528 2837 1551 2877 ss

427 2923 500 3011 Ego
530 2927 628 3011 igitur
657 2938 690 2989 et
718 2926 820 2990 altera
851 2928 913 2999 vis,
938 2928 1046 2990 exiens
1069 2949 1089 2989 a
1111 2949 1178 3001 me,
1208 2949 1267 2990 nec
1297 2948 1364 2993 non
1390 2923 1504 3011 ψυχη,

429 3059 530 3124 quam
562 3040 671 3125 accepi
700 3061 720 3102 a
750 3037 915 3104 Sabadthe
948 3039 1072 3124 αγαθῳ,
1101 3053 1263 3104 venerunt
1292 3039 1445 3104 ducentes
1468 3061 1505 3105 se

426 3154 574 3228 invicem,
599 3151 705 3217 factae
729 3166 806 3216 sunt
828 3155 968 3240 necopina
991 3175 1057 3216 una
1072 3152 1212 3230 luminis,
1236 3157 1375 3218 existens
1391 3154 1505 3218 lumen

427 3287 528 3350 quam
551 3269 701 3330 maxime.
747 3264 873 3330 Vocavi
898 3265 1082 3330 Gabrielem
1106 3266 1246 3354 desuper
1269 3267 1311 3332 ab
1329 3294 1429 3334 αιωσιν
1453 3280 1505 3330 at·

428 3399 492 3463 que
516 3381 614 3442 ctiam
636 3379 825 3442 Michaelem
847 3401 906 3466 per
929 3393 1062 3446 κελευσιν
1092 3381 1290 3469 mei·patris,
1320 3384 1417 3469 primi
1440 3408 1505 3463 μυ·
1530 3407 1552 3446 n

426 3517 543 3570 rrnpuu
564 3493 830 3577 introspicientis‚
855 3491 929 3554 dedi
952 3495 990 3556 iis
1014 3495 1169 3581 απορῥοιαν
1191 3496 1336 3572 luminis,
1360 3494 1420 3559 feci
1447 3517 1504 3558 eos

316 3596 387 3668 129
426 3598 622 3666 descendere
657 3606 692 3666 in
723 3603 835 3680 chaos,
867 3617 905 3669 ut
932 3605 1096 3680 βοηθησωσι
1125 3633 1219 3675 πιπτει
1248 3619 1362 3695 repre,
1391 3621 1423 3672 et
1453 3610 1506 3670 uti

426 3713 550 3778 ferrent
575 3718 661 3780 vires
689 3716 834 3793 luminis,
870 3741 951 3802 quas
982 3719 1188 3786 abstulerunt
1214 3721 1256 3786 ab
1285 3745 1323 3786 ea
1351 3722 1506 3805 προβιλιι

425 3827 581 3906 cadelous,
604 3843 650 3894 ut
665 3829 832 3895 auferrent
855 3855 909 3896 eas
933 3832 974 3896 ab
997 3835 1059 3900 illis
1083 3848 1116 3900 et
1139 3835 1255 3900 darent
1272 3861 1367 3902 πιστει
1385 3844 1505 3922 reptem

424 3957 457 4010 et
479 3957 642 4032 tempore,
675 3967 740 4030 quo
766 3944 930 4010 duxerunt
957 3949 1112 4035 ωπορῤωαν
1143 3950 1273 4014 luminis
1304 3949 1445 4036 desuper
1468 3952 1506 4012 in
1533 3973 1557 4014 a

423 4059 531 4136 chaos,
554 4059 757 4148 resplenduit
779 4081 879 4146 quam
902 4064 1039 4128 maxime
1061 4065 1096 4128 in
1118 4064 1198 4128 chao
1222 4076 1294 4128 toto
1317 4078 1350 4128 et
1365 4064 1507 4128 dilatata

505 4210 535 4269 5.
564 4213 690 4273 notitiae
712 4237 810 4276 αιωνος
831 4213 943 4292 (‚‚haud
966 4229 1175 4298 cognoverunt
1197 4217 1331 4291 αιωι·ας,”
1357 4217 1406 4276 vel
1428 4237 1507 4290 „sex

421 4309 547 4368 αιωνων”
574 4311 602 4368 Ξ
622 4331 731 4371 necor
751 4318 774 4372 r'r
795 4315 901 4375 Mum?
923 4316 960 4375 cl.
984 4327 1055 4376 nota
1082 4315 1110 4375 h.
1136 4317 1155 4376 l.
1179 4307 1274 4377 textui
1296 4317 1430 4377 subiecta
1452 4315 1507 4390 P.)

420 4404 471 4469 15.
494 4429 585 4490 super
605 4411 684 4490 quod
706 4414 810 4492 (super
829 4400 916 4494 quem
933 4416 983 4492 P.)
