3296 5354
968 479 1011 546 2⁰

451 674 638 752 πνευματικῃ
661 673 823 750 tempore,
848 677 914 746 quo
938 655 1019 724 dixit
1041 654 1082 724 de
1105 658 1203 744 iparu
1224 655 1378 746 Aegypti,
1404 656 1513 724 idest:

453 776 539 854 „Ubi
561 778 676 863 igitur,
697 773 862 862 Aegypte,
890 771 947 836 nbi
971 785 1048 837 sunt
1068 775 1117 836 tui
1140 770 1353 849 divinatores,
1382 787 1416 838 et
1437 772 1513 838 ordi·

350 883 401 957 28
453 903 585 954 natores
608 889 725 964 horae,
750 887 854 963 ethi,
885 909 968 972 quos
991 898 1113 952 vocant
1136 907 1153 950 e
1176 899 1280 963 terra,
1311 900 1344 951 et
1364 886 1412 962 bi,
1441 909 1514 973 quos

452 1015 574 1068 vocant
603 1024 643 1066 ex
666 1001 756 1066 sese?
809 1001 1014 1066 Monstranto
1042 1000 1103 1064 tibi
1129 1002 1230 1086 igitur
1252 999 1412 1076 facinora,
1441 1022 1516 1086 quae

457 1114 660 1204 perpetrabit
676 1113 827 1179 dominus
851 1112 1024 1178 Sabaoth.”
1069 1113 1147 1178 Fuit
1168 1122 1398 1202 apodemium
1419 1116 1515 1200 igitur,
1545 1137 1555 1173 s

454 1241 633 1315 antequam
654 1230 796 1304 venires,
820 1230 883 1304 vis,
908 1250 992 1314 quae
1013 1230 1048 1292 in
1062 1227 1175 1304 Esaia,
1199 1237 1349 1318 προφητῃ,
1373 1226 1436 1292 fuit
1455 1254 1516 1313 apt·

453 1351 628 1430 φητευουσα
651 1339 723 1418 tibi,
752 1353 785 1404 te
809 1339 998 1406 ablaturum
1026 1365 1096 1406 esse
1117 1344 1186 1406 vim
1215 1368 1365 1428 αρχοντων
1386 1367 1438 1408 των
1456 1368 1516 1407 aaa·

453 1483 504 1523 :ov
527 1469 627 1541 atque
649 1467 856 1520 mutaturum
884 1477 1000 1520 eorum
1021 1463 1156 1543 σφαιραν
1180 1477 1361 1541 eorumque
1386 1455 1516 1539 εἱμαρμε-
1601 1491 1602 1546 3

454 1596 514 1646 νην,
544 1580 645 1634 utne
669 1571 787 1634 scirent
810 1568 991 1655 quidquam
1011 1569 1087 1634 inde
1110 1568 1151 1633 ab
1174 1569 1234 1632 bae
1257 1569 1348 1633 hora.
1395 1570 1443 1634 De
1463 1569 1517 1632 hoo

454 1685 527 1772 ipso
552 1681 645 1746 dixit:
670 1683 847 1760 „Nescietis
870 1684 967 1770 igitur
991 1682 1071 1768 quid
1086 1682 1236 1747 dominus
1252 1682 1401 1748 Sabaoth
1421 1682 1516 1748 factu·
1538 1703 1556 1744 u

456 1818 514 1862 rus
539 1796 614 1860 sit”:
638 1795 729 1882 quod
750 1797 813 1861 hoc
836 1809 901 1861 est:
924 1796 1033 1861 nullus
1057 1822 1160 1883 αρχων
1177 1799 1255 1862 sciet
1268 1797 1358 1874 haec,
1382 1819 1462 1885 quae
1476 1796 1517 1860 sa·

454 1912 518 1975 cies
540 1908 616 1974 inde
640 1910 681 1974 ab
703 1911 763 1974 bae
778 1911 873 1987 bora,
898 1933 983 1997 quae
996 1909 1111 1976 eadem
1131 1923 1207 1976 sunt
1220 1909 1402 1998 Aegyptus,
1425 1933 1518 1998 quon·

452 2027 521 2089 iam
557 2023 672 2089 eadem
708 2037 785 2087 sunt
813 2025 873 2096 ύλη
907 2023 1073 2102 inefficax,
1108 2047 1192 2112 quae
1225 2027 1262 2089 in
1288 2024 1407 2102 Esaia,
1444 2046 1518 2111 quae

453 2145 684 2224 spadanorum
699 2135 759 2199 tibi
774 2148 932 2222 tempore,
957 2160 1022 2222 quo
1039 2138 1134 2202 dixit:
1158 2141 1324 2216 „nescietis
1339 2142 1439 2226 igitur
1452 2137 1519 2202 inde

457 2247 499 2314 ab
522 2248 582 2312 bac
605 2248 687 2314 bora
709 2247 798 2325 baeo,
827 2271 911 2334 quae
933 2249 1031 2314 faciet
1054 2250 1205 2318 dominus
1229 2251 1409 2330 Sabaoth,’'
1433 2253 1470 2317 de
1490 2254 1519 2315 vi
1540 2273 1558 2314 ιε

451 2361 599 2438 luminis,
631 2384 732 2447 qnam
755 2365 898 2426 sumsisti
926 2386 946 2426 a
969 2362 1147 2442 Sabaotho,
1171 2364 1293 2452 αγαθῳ,
1329 2370 1389 2453 qui
1418 2369 1519 2431 estin

451 2501 533 2562 τοπῳ
550 2473 675 2551 dextro,
701 2497 785 2561 quae
809 2489 858 2540 est
875 2479 983 2541 intuo
1000 2504 1120 2562 rouen
1134 2481 1232 2567 ύλικῳ
1247 2479 1353 2544 bodie.
1390 2481 1520 2568 Propter

451 2589 515 2652 hoo
537 2590 636 2674 igitur
660 2588 768 2653 dixisti
790 2588 894 2671 nobis,
917 2593 963 2654 mi
986 2589 1117 2657 domine
1130 2592 1217 2658 Iesu!
1241 2597 1317 2670 „eui
1340 2609 1421 2659 sunt
1434 2615 1520 2658 aures

452 2698 496 2765 ad
525 2700 740 2778 audiendum,
771 2702 919 2768 audito!”
951 2708 1108 2790 quoniam
1139 2709 1234 2783 scies,
1270 2711 1443 2773 ettiusnam
1470 2729 1521 2772 cor

452 2816 570 2878 acriter
591 2815 731 2880 intendit
752 2817 787 2880 in
808 2838 947 2904 regnum
969 2819 1144 2884 caelorum.
1541 2843 1560 2883 a

539 2927 679 2993 Factum
693 2931 791 3017 igitur
814 2945 872 3007 est,
896 2952 1000 3017 quum
1014 2932 1116 2998 Maria
1139 2948 1296 3000 cessasset
1318 2933 1427 3001 dicere
1448 2935 1521 3000 baec

449 3039 568 3118 verba,
604 3041 698 3107 dixit:
734 3071 803 3130 ευγε
841 3043 960 3110 Maria!
1001 3049 1157 3132 quoniam
1189 3074 1339 3136 μωκιριις
1376 3063 1417 3114 tu
1449 3069 1522 3138 prae

349 3154 400 3227 29
450 3155 642 3223 mulieribus
673 3156 835 3234 omnibus,
868 3181 951 3244 quae
974 3161 1009 3224 in
1032 3173 1128 3238 terra,
1159 3184 1237 3225 nam
1265 3176 1304 3226 tu
1332 3162 1450 3228 futura
1479 3145 1525 3241 esd
1601 3203 1602 3216 ,

448 3281 602 3357 πληρωμω
620 3284 827 3355 stupemus
850 3275 998 3337 omnium
1022 3286 1055 3338 et
1076 3274 1148 3340 finis
1171 3274 1285 3340 finium
1308 3281 1468 3342 omnium.

541 3381 655 3463 Quum
677 3383 780 3446 Maria
805 3405 885 3448 vero
917 3383 973 3469 (de)
1004 3385 1148 3452 audisset
1176 3414 1292 3475 rumpe
1322 3390 1417 3476 loqui
1445 3392 1521 3456 baec
1542 3411 1561 3450 s

450 3492 570 3568 verba,
600 3493 722 3558 laetata
744 3507 794 3559 est
815 3499 972 3573 maxime,
996 3512 1029 3562 et
1051 3522 1224 3588 progressa
1247 3502 1289 3568 ad
1310 3503 1422 3569 Iesum
1447 3527 1520 3592 pro-

451 3607 567 3668 stravit
590 3627 624 3670 se
653 3627 765 3672 coram
788 3631 837 3686 eo,
868 3607 1019 3694 adoravit
1042 3616 1110 3678 eius
1139 3615 1239 3703 pedes
1273 3617 1381 3682 dicens
1406 3622 1450 3684 ei:
1480 3619 1522 3681 mi

456 3715 600 3782 domine!
644 3717 731 3784 Audi
754 3743 821 3798 me,
843 3724 1052 3812 interrogabo
1074 3740 1107 3792 te
1129 3729 1192 3794 hoo
1214 3730 1362 3808 verbum,
1384 3746 1419 3798 te
1442 3754 1522 3798 non·

450 3831 531 3898 dum
552 3832 663 3899 locuto
687 3834 859 3901 nobiseum
881 3836 922 3903 de
943 3864 1055 3916 τοποις,
1077 3845 1112 3905 in
1135 3865 1218 3929 quos
1240 3848 1336 3909 ivisti.

538 3945 752 4034 Respondeas
774 3949 863 4017 Iesus
888 3951 969 4017 dixit
990 3954 1202 4022 Maribamae:
1231 3959 1367 4044 loquere
1388 3962 1424 4024 in
1447 3959 1520 4046 παρ’·
1544 3979 1564 4018 ³⁰

446 4060 544 4150 barra,
573 4083 656 4128 neve
678 4066 773 4142 time:
803 4087 856 4130 res
880 4089 1009 4144 omnes,
1041 4090 1122 4155 quas
1147 4075 1337 4157 quaesieris,
1368 4073 1521 4140 revelabo

530 4199 561 4258 3.
591 4221 665 4281 quos
694 4215 802 4264 vocant
830 4203 891 4281 (vel
913 4207 1028 4286 potius:
1058 4209 1109 4289 qui
1132 4221 1239 4271 vocant
1259 4211 1307 4289 P.)
1375 4211 1405 4273 4.
1428 4213 1522 4296 igitur

448 4293 526 4371 (add.
549 4296 617 4359 inde
639 4299 674 4359 ab
700 4300 754 4361 bac
773 4302 847 4363 bora
866 4303 914 4382 P.)
972 4303 1022 4366 14.
1050 4329 1110 4388 quo
1131 4309 1205 4370 dixit
1227 4311 1341 4389 (dicens
1362 4311 1411 4392 P.)
1474 4311 1521 4372 19.

448 4394 586 4473 quoniam
609 4398 684 4459 scies
706 4401 783 4480 (veh
806 4412 840 4462 ut
861 4404 934 4465 sciar
955 4405 1005 4484 Ρ.)
1047 4407 1098 4467 23.
1120 4419 1156 4469 tu
1176 4408 1254 4489 (add.
1276 4431 1325 4492 es,
1354 4431 1428 4494 quse
1449 4411 1499 4492 Ρ.)
