3240 5328
621 477 687 544 187

116 657 202 748 quod
229 680 290 744 γαρ
317 655 394 722 lude
421 653 465 722 ab
494 657 558 722 boe
587 671 737 746 ternpore
767 679 901 747 pergam
929 663 1130 748 interrogare
1159 670 1193 728 te

113 797 163 840 res
188 796 302 839 omnes
326 785 494 848 accurate3
524 769 661 858 propter
687 772 750 836 boc
780 799 842 851 cuv,
871 778 915 838 mi
945 773 1091 851 domine,
1121 785 1191 841 esto

113 889 201 953 leuto
232 889 342 951 animo
375 885 562 958 nobiscum,
593 886 717 950 reveles
745 887 839 952 nobis
867 911 920 953 res
950 911 1078 962 omnes,
1110 911 1191 974 quas

113 1004 422 1088 interrogaverimus
446 1015 494 1076 te;
523 999 563 1064 de
587 1001 713 1064 ratione
743 1005 855 1078 etiam,
887 1025 952 1088 qua
982 1006 1044 1066 mei
1075 1002 1192 1068 fratres

75 1139 90 1176 s
113 1115 267 1205 κηρυξιυσι
285 1141 360 1199 yon
383 1115 555 1178 hominum
579 1117 649 1178 toti.
687 1115 776 1178 llaec
800 1115 831 1180 δε
854 1139 956 1200 quum
980 1115 1114 1180 dixisset
1133 1143 1192 1181 σω*

113 1257 187 1312 espa,
218 1251 355 1317 pergens
379 1251 513 1315 quoque
544 1253 637 1312 σωτηρ
662 1227 742 1292 dixit
769 1231 813 1305 ei,
843 1233 984 1294 existens
1011 1233 1045 1293 in
1074 1251 1192 1316 magna

113 1343 335 1410 misericordia
364 1365 440 1428 erge
469 1365 556 1406 earn:
588 1345 679 1425 ἀμην,
709 1347 790 1422 ἀμην
819 1342 890 1407 dico
920 1343 1029 1408 vobis:
1060 1371 1093 1409 cu
1105 1371 1191 1423 μονον

114 1456 269 1523 revelabo
292 1455 387 1520 vobis
411 1477 462 1521 res
487 1479 610 1532 omnes,
634 1478 715 1542 quas
740 1457 1000 1542 exploraveritis,
1025 1458 1095 1523 αλλ’
1116 1457 1191 1523 inde

116 1570 244 1635 abhoc
272 1583 422 1656 tempore
448 1570 603 1635 revelabo
631 1569 725 1633 vobis
754 1570 850 1644 elias,
881 1591 962 1655 quas
991 1569 1080 1633 haud
1107 1595 1192 1636 varas«

64 1709 90 1750 ro
117 1685 303 1772 explorare,
327 1705 411 1770 quae
433 1684 582 1748 nondum
606 1683 844 1747 adscenderunt
866 1686 899 1747 in
923 1697 1064 1746 mentem
1087 1683 1192 1747 homi·

116 1821 211 1872 uum,
236 1821 317 1884 quas
341 1800 493 1884 ignorant
516 1801 615 1863 etiam
638 1797 682 1861 dii
708 1819 835 1870 omnes,
863 1800 918 1882 qui
941 1800 974 1860 in
997 1796 1192 1862 hominibus.

115 1914 209 1980 Nunc
232 1916 330 1999 igitur
353 1940 411 1988 ουν,
437 1926 476 1977 tu
499 1913 617 1988 lvlar-ia,
646 1911 796 1999 explora,
824 1931 907 1996 quae
932 1911 1130 1998 explorabis,
1160 1923 1194 1976 et

116 2051 177 2114 ego
206 2026 360 2090 revelabo
390 2026 424 2089 id
454 2026 512 2090 tibi
547 2049 567 2090 a
598 2026 679 2090 facie
710 2029 743 2088 in
774 2025 890 2088 faciem
922 2025 1192 2116 sinenpeemp.

115 2142 257 2228 Pergcus
282 2145 312 2205 δε
339 2141 442 2204 Maria
465 2140 559 2204 dixit:
587 2143 633 2203 mi
658 2139 803 2213 domine,
833 2161 976 2224 quonam
1004 2167 1088 2226 τυπῳ
1107 2139 1192 2218 (ias-
1231 2136 1306 2208 298

63 2279 89 2318 rs
116 2281 254 2342 saeptam
275 2257 449 2319 remittunt
470 2254 621 2340 peccata?
666 2253 785 2318 Aridivi
808 2267 841 2318 te
865 2253 1039 2318 dicentem:
1062 2268 1192 2332 λειτουρ-

113 2397 161 2458 pn
177 2397 288 2448 εριναιοι
304 2367 501 2434 ecatonbion
517 2369 628 2458 stum,
651 2367 859 2432 testificantes
876 2371 904 2432 ei
925 2384 1056 2456 peccata
1074 2372 1192 2446 omnia,

113 2507 198 2574 quae
222 2485 400 2558 commisit,
431 2499 469 2546 ut
490 2482 691 2569 redarguant
713 2505 785 2547 eam
807 2486 842 2546 in
864 2509 982 2566 κρισεσι.
1019 2483 1112 2564 Nunc
1135 2485 1193 2568 igi·
1231 2507 1235 2514 ·

113 2615 169 2665 tur
192 2621 249 2676 eur,
273 2601 317 2662 mi
335 2597 477 2673 domine,
500 2621 650 2679 μυττνριω
665 2598 887 2676 (latronum
903 2599 1113 2684 exstinguunt
1129 2595 1193 2682 (ne)

115 2727 263 2799 peccata,
294 2709 435 2798 quaein
464 2711 616 2775 manibus
639 2727 813 2796 λειτιυργων
834 2739 966 2790 spiratus,
998 2726 1036 2776 ut
1063 2715 1116 2776 isti
1139 2737 1194 2788 μιν

59 2849 88 2890 n
117 2828 240 2892 saciant
263 2847 377 2890 eorum
402 2825 622 2890 oblivionem?
666 2825 760 2890 Nunc
782 2829 880 2910 igitur
903 2853 960 2902 cuc,
983 2830 1027 2888 mi
1052 2825 1194 2902 domine,

117 2942 170 3006 dic
193 2939 287 3004 nobis
315 2951 422 3015 masc,
450 2962 516 3026 quo
546 2943 718 3004 remittunt
745 2953 892 3027 peccata,
923 2953 1012 3001 ωλλσ,
1040 2939 1193 3002 volumus

116 3059 200 3121 scire
224 3077 263 3119 ea
285 3067 443 3118 accurate.
480 3053 696 3142 Respondens
720 3054 751 3118 δε
770 3079 862 3130 cum
882 3051 962 3116 dixit
977 3051 1112 3116 Mariae:
1136 3079 1193 3114 ue·

115 3185 179 3238 λως
198 3195 255 3251 μιν
276 3168 386 3232 locuta
409 3173 458 3232 es':
481 3181 644 3253 λειτουργοι
665 3194 800 3250 μεντοιγε
822 3170 876 3231 isti
905 3179 994 3241 sunt,
1025 3167 1080 3252 qui
1103 3165 1194 3228 testi·

116 3284 259 3349 ficantur
289 3297 423 3372 peecata
453 3285 578 3358 omnia,
613 3295 704 3348 ωλλι
731 3295 865 3346 manent
895 3283 991 3346 etiam
1021 3283 1055 3344 in
1085 3303 1194 3362 κριτισι

59 3419 88 3462 ss
117 3397 356 3488 prehendentes
379 3395 511 3484 doxae,
539 3397 771 3484 redarguentes
794 3396 910 3483 doxae
939 3416 1052 3458 omnes
1081 3414 1194 3482 pecca-

116 3527 239 3590 torum,
263 3535 346 3600 quse
369 3511 458 3576 haud
482 3526 679 3600 acceperunt
699 3535 865 3596 μυστηρων,
888 3524 922 3575 et
943 3535 1123 3590 κατεχουσιν
1139 3531 1194 3574 ens

113 3633 149 3694 iu
173 3628 262 3693 chais
285 3627 461 3714 κολαζιντες
485 3647 549 3701 eas,
573 3639 607 3690 ct
629 3651 738 3715 spuma
761 3628 806 3691 illi
829 3627 916 3693 baud
934 3640 1073 3716 possunt
1088 3639 1193 3690 trans·

117 3743 208 3830 gredi
232 3743 329 3817 chao,
358 3755 398 3805 ut
424 3742 559 3806 veniant
585 3744 618 3805 in
648 3740 760 3831 ταξιιε,
792 3764 875 3828 quae
904 3765 1002 3830 super
1031 3740 1126 3812 chan,
1157 3752 1195 3802 ut

116 3853 319 3940 redarguant
345 3851 461 3936 stuzae
490 3859 656 3921 venientes
687 3879 705 3920 e
734 3882 830 3922 τοποις
859 3856 931 3918 illis.
976 3853 1069 3916 Nunc
1097 3852 1195 3934 igitur

58 3989 89 4032 as
116 3965 238 4053 ψυχας
265 3969 455 4053 accipientes
478 3997 628 4051 μυστηριιι
653 3995 706 4036 ουκ
729 3965 822 4056 cisen
845 3967 968 4052 βιαζειν,
994 3977 1034 4028 ut
1056 3961 1197 4027 educant

119 4103 177 4147 eas
204 4063 239 4146 ln
267 4079 365 4157 chao,
393 4093 432 4146 ul
457 4084 656 4172 redarguant
684 4104 740 4148 eas
766 4097 929 4166 λειτουργοι
951 4104 1076 4156 sperent,
1105 4089 1196 4142 αλλιι

116 4207 285 4282 λειτουργοι
304 4217 416 4282 sparsus
442 4197 644 4287 redarguunt
664 4195 781 4286 ψυχας
808 4207 1034 4284 peccatorum,
1062 4205 1102 4257 ut
1120 4213 1195 4282 pre·
1234 4181 1310 4257 999

204 4433 232 4492 1.
253 4452 375 4517 pergam
397 4435 550 4518 (incipiam
571 4437 618 4513 P.)
674 4433 702 4498 9.
724 4444 861 4514 tempore
887 4427 965 4510 (add.
986 4429 1126 4510 „etiarn”
1147 4429 1197 4504 Ρ.)
