3240 5328
964 439 1031 506 230

456 623 543 687 inter
564 619 626 685 hos
650 623 707 706 qui
730 617 917 708 (pertinent)
940 616 983 684 ad
1006 620 1172 684 sinistram
1199 631 1232 685 et
1258 616 1405 696 dextram,
1427 641 1486 707 pro
1559 627 1560 708 g

460 737 575 823 spiciet
598 755 616 800 e
639 733 754 799 dextra
767 733 835 810 lesi,
856 746 896 798 ut
916 759 1029 816 κισμις
1051 746 1143 798 totus
1160 732 1362 820 pcruuheon
1375 746 1403 798 et
1419 753 1486 796 com·
1559 779 1560 826 ζ

457 859 632 913 moveatur
655 869 730 913 cum
754 874 855 914 ιιιωσιν
879 845 1030 912 omnibus
1053 856 1198 934 cpespct,
1220 849 1385 935 prospiciet
1401 849 1427 910 in
1442 846 1485 910 lsa-

458 960 602 1027 bitaculo
625 960 731 1048 Αριιυθ
748 960 968 1050 Aethiopicae,
992 974 1025 1026 et
1048 963 1118 1027 eius
1139 987 1221 1028 rosor
1244 960 1444 1036 dissolventur,
1460 972 1488 1023 ut

457 1089 604 1164 pereant,
628 1087 665 1140 ut
688 1075 840 1140 auferant
860 1073 977 1162 ψυχας
999 1097 1123 1152 omnes,
1145 1078 1285 1162 quaein
1306 1077 1368 1140 eius
1387 1085 1487 1138 κιλιιε·
1508 1096 1516 1133 ι

459 1214 504 1254 σιν
527 1187 570 1252 ad
591 1188 780 1253 reiieiendas
805 1211 859 1253 eas
887 1192 922 1253 in
952 1198 1087 1276 σφωιριιν
1110 1189 1213 1254 altera
1241 1193 1324 1266 vice,
1349 1201 1489 1276 propterca

458 1299 549 1386 quod
571 1315 711 1388 pereunt
733 1304 802 1366 eius
825 1301 918 1368 fumo
943 1301 1084 1368 obscuro
1108 1306 1242 1388 eiusque
1270 1302 1379 1368 ardore
1398 1325 1490 1386 scopu.

456 1413 598 1499 Pergens
623 1413 729 1480 adhue
752 1415 848 1480 dixit:
871 1419 987 1481 tertiae
1009 1415 1107 1504 ταξιι,
1131 1395 1239 1502 quam.
1254 1429 1368 1482 vocant
1385 1419 1490 1488 'utem

457 1525 562 1591 trihus
585 1527 731 1594 faciebus
756 1528 955 1617 praeditam,
984 1543 1062 1594 sunt
1089 1533 1187 1595 etiam
1209 1533 1323 1618 viginti
1347 1526 1492 1616 septem&

458 1638 600 1724 ὃιιιμινια.
622 1641 684 1706 suh
707 1646 776 1708 eius
799 1640 928 1732 ιξιυσιφ.
966 1643 1033 1709 leta
1055 1657 1141 1720 sunt,
1164 1667 1250 1730 quae
1271 1647 1385 1708 intrant
1403 1645 1430 1705 in
1448 1640 1520 1704 hos

457 1755 572 1832 mines,
595 1768 634 1818 ut
657 1755 778 1821 faciant
800 1779 856 1822 eos
879 1760 1030 1845 peiurare
1054 1761 1158 1823 etuti
1181 1758 1291 1824 dicant
1311 1755 1494 1822 mendaciaet

457 1880 497 1932 ut
519 1882 630 1933 ament
644 1869 716 1947 hoc,
740 1870 831 1957 quod
852 1893 921 1936 non
936 1875 1047 1936 estiis.
1077 1882 1191 1956 Ψυχιις
1210 1874 1317 1960 igitur,
1339 1892 1412 1957 quas
1425 1865 1494 1934 aule·

457 1993 509 2046 ret
530 2007 707 2069 περεσιμως
724 1987 854 2062 ‘Earum
877 1985 986 2050 tradet
1007 1988 1073 2051 suis
1096 1984 1269 2070 tarpeiae,
1291 2007 1370 2073 quae
1390 1983 1441 2048 sub
1460 2004 1493 2056 cc,

456 2106 497 2160 ut
518 2094 720 2184 βασανιζωιιν
743 2121 798 2163 eas
821 2121 881 2164 suo
905 2099 997 2165 fumo
1023 2099 1162 2166 obscuro
1191 2114 1225 2166 et
1254 2122 1313 2166 suo
1335 2098 1439 2164 ardore
1456 2123 1494 2160 ss-

457 2233 538 2294 νηρῳ,
562 2205 704 2288 itidem
728 2234 782 2278 eas
804 2216 946 2278 maxime
968 2235 1028 2301 per
1042 2212 1191 2298 despecte.
1221 2214 1268 2279 Et
1290 2227 1410 2279 centum
1423 2213 1521 2298 quio-u

458 2317 562 2384 decim
585 2343 688 2387 annos
712 2337 745 2388 et
768 2347 824 2390 sex
846 2349 974 2391 menses
997 2327 1175 2415 κιλιιζιυσιι
1199 2351 1255 2393 cas
1279 2332 1344 2393 suis
1368 2341 1495 2394 sitense

456 2433 560 2499 malis.
590 2433 732 2526 Αρξοντιιι
752 2435 784 2504 ele
807 2437 943 2506 deficere
960 2453 993 2506 et
1014 2445 1130 2529 perire.
1159 2441 1205 2506 Et
1223 2442 1399 2529 posthaec,
1418 2459 1495 2526 quum

457 2556 579 2634 episcpo
602 2571 760 2617 conversa
787 2556 844 2629 sit,
875 2567 915 2616 ut
941 2558 1052 2619 veniat
1079 2579 1201 2643 paruus
1231 2556 1376 2622 Sabaoth
1402 2551 1495 2639 spalat

455 2659 507 2724 hic
534 2665 590 2747 qui
611 2663 774 2749 (pertinet)
799 2663 841 2730 ad
862 2691 963 2750 percu,
987 2690 1087 2755 quem
1108 2685 1229 2735 vocant
1252 2675 1287 2737 in
1308 2693 1422 2757 κισμῳε
1445 2675 1496 2738 hm
1557 2703 1558 2756 3

341 2763 417 2836 369
455 2785 494 2835 ut
515 2776 624 2838 veniet
645 2779 679 2839 in
703 2791 858 2844 octavum
881 2807 974 2848 usuro
992 2791 1141 2870 opesopes,
1169 2807 1270 2870 quem
1291 2798 1407 2852 vocant
1424 2785 1522 2865 Σιιιὶ
1557 2759 1558 2776 ³

454 2913 518 2953 asca
541 2901 575 2952 et
595 2903 635 2953 ut
655 2895 788 2958 veniens
810 2896 991 2973 Βινβιιστις,
1015 2919 1113 2984 wem
1137 2912 1260 2963 vocant
1279 2897 1440 2986 appatere,
1457 2916 1496 2959 th

376 3009 408 3068 21,-
454 3003 523 3065 niat
545 3004 579 3066 in
607 3006 787 3070 secundum
816 3034 908 3074 esoce
927 3019 1076 3098 σφαιρας,
1105 3033 1205 3098 quem
1232 3027 1367 3080 vocant:
1395 3021 1497 3094 Tenus:

452 3114 585 3178 trahent
606 3144 885 3205 aeternamm,
910 3145 993 3210 quae
1015 3127 1100 3190 inter
1122 3125 1183 3191 hos
1200 3131 1257 3214 qui
1279 3123 1452 3216 (pertinent)
1468 3118 1497 3185 ad

453 3229 618 3294 sinistram
639 3247 675 3297 et
696 3233 859 3314 dextram,
888 3241 1065 3326 prospiciet
1092 3261 1132 3304 ex
1155 3239 1329 3306 altitudine
1349 3234 1498 3326 Zcpceslspu

452 3341 674 3424 Melchisedec,
696 3361 736 3412 ut
755 3362 842 3414 terra
857 3351 993 3438 (coaptat)
1009 3367 1258 3420 commoveatur
1273 3369 1373 3442 atque
1387 3364 1496 3420 montet
1511 3369 1524 3409 ¹

454 3468 487 3518 ct
497 3469 537 3520 ut
548 3485 690 3543 αρχοντες
700 3464 944 3549 perturbentur,
959 3469 1136 3556 prospiciet
1145 3471 1179 3533 in
1190 3495 1299 3541 essuos
1312 3491 1419 3536 omnes
1429 3471 1498 3532 Ἑιιι·
1513 3466 1515 3474 ’

451 3589 510 3642 τις,
533 3581 572 3631 ιιι
588 3573 656 3634 eius
671 3599 753 3640 τιποι
769 3576 990 3644 dissolvantur
1006 3595 1043 3645 ut
1056 3595 1206 3668 pereant,
1230 3596 1264 3648 et
1278 3587 1328 3648 uti
1344 3582 1498 3648 aetenum

450 3675 568 3767 ψυχας
591 3702 714 3762 omnes,
738 3709 822 3772 quae
845 3693 879 3755 in
901 3707 1070 3772 κιλιισισιι,
1093 3699 1240 3762 reiiciant
1261 3721 1318 3764 eas
1341 3701 1376 3762 in
1391 3705 1498 3783 upupa!

450 3792 554 3860 altera
575 3798 661 3876 viee,
690 3815 868 3890 propterea
891 3807 981 3892 quod
1004 3807 1158 3874 deliciunt
1183 3813 1218 3875 in
1240 3811 1362 3878 ardore
1384 3815 1445 3878 eius
1463 3833 1499 3874 aa·

449 3918 577 3976 λασεων.
620 3911 763 4001 Pergens
790 3917 897 3984 adhuc
926 3919 1020 3985 dixit:
1051 3923 1181 4004 Quarta
1208 3922 1307 4015 ταξις,
1338 3947 1432 4013 qulam
1455 3935 1526 3986 ιω

450 4036 539 4088 cant:
561 4026 739 4116 nepstpuce
759 4040 910 4120 Τυφωνιι,
935 4037 991 4120 qui
1014 4049 1065 4101 est
1087 4063 1190 4121 ιρχων
1213 4016 1323 4118 ιὀιιίε,Ι
1350 4043 1435 4106 euius
1455 4031 1499 4100 sub

449 4149 614 4224 potestate
634 4137 776 4234 (εξουσιφ)
805 4161 883 4212 sunt
908 4150 1041 4236 triginta
1064 4149 1130 4217 duo
1159 4150 1309 4241 despectio.
1355 4153 1418 4219 lsta
1442 4157 1498 4216 sunl

530 4365 580 4428 28.
604 4372 636 4430 in
656 4384 810 4438 κολασεσιν
831 4379 877 4459 (in
900 4380 963 4443 elus
984 4391 1138 4444 notassem
1159 4385 1209 4462 P.)
