3296 5354
944 487 988 554 48

429 668 557 736 solutus
580 679 630 734 est
651 687 757 753 usque
780 665 824 732 ad
844 666 908 732 hoo
922 676 1053 755 tempus
1070 662 1191 753 ιριθμις
1205 664 1394 744 verborum,
1417 689 1502 754 quae

429 786 608 871 scripturus
632 803 681 859 es;
712 803 815 867 quum
836 782 935 867 igitur
957 781 1105 869 expletus
1120 779 1247 857 ¹fuerit,
1274 781 1501 869 progredieris,

428 911 466 960 ut
488 895 638 985 proferas
661 908 754 960 tuam
774 895 980 960 voluntatem
1003 897 1035 982 (i.
1050 917 1077 960 e.
1102 917 1186 981 quae
1206 894 1372 980 volueris).
1409 895 1503 960 Nune

428 1013 527 1097 igitur
549 1031 609 1075 vos
632 1023 699 1074 tres
723 1008 867 1074 scribetis
890 1030 942 1074 res
966 1031 1095 1086 omnes,
1125 1031 1207 1095 quas
1230 1008 1338 1073 dicam
1360 1021 1394 1073 et
1421 1031 1502 1095 quas

428 1101 547 1188 faciam
578 1137 611 1188 et
641 1145 722 1209 quas
751 1121 887 1198 videbo,
923 1136 956 1188 et
985 1136 1024 1187 ut
1052 1135 1154 1188 tester
1183 1144 1237 1188 res
1269 1144 1381 1187 omnes
1412 1125 1502 1210 regni
1529 1147 1543 1186 s

428 1238 603 1302 caelorum.
647 1236 737 1301 llaec
758 1238 866 1323 igitur,
898 1259 1001 1322 quum
1031 1235 1165 1302 dixisset
1186 1235 1293 1311 Iesus,
1325 1235 1407 1300 dixit
1436 1239 1502 1300 suis

427 1350 590 1440 painters:
615 1352 666 1414 cui
690 1363 740 1415 est
762 1353 849 1414 auris
873 1349 917 1415 ad
938 1349 1147 1426 audiendum,
1175 1349 1298 1414 audito.
1342 1349 1502 1415 Exsiliens

427 1489 541 1532 rursus
557 1464 726 1540 Maribam,
748 1467 840 1528 venit
861 1467 895 1528 in
908 1464 1064 1540 medium,
1089 1467 1178 1528 stetit
1203 1463 1290 1551 apud
1305 1461 1501 1550 Philippum,

429 1580 509 1645 dixit
530 1580 615 1644 lesu:
647 1581 692 1642 mi
716 1578 861 1642 domine:
893 1591 942 1642 est
970 1581 1056 1642 auris
1084 1600 1159 1642 meo
1188 1577 1313 1641 incolae
1340 1577 1440 1654 lucis,
1470 1591 1503 1641 et

426 1706 544 1782 parata
567 1717 641 1759 sum
664 1691 777 1756 audire
800 1715 820 1755 a
842 1714 917 1757 mea
938 1694 986 1768 vi,
1018 1705 1117 1777 atque
1140 1719 1192 1758 νοω
1219 1690 1373 1766 verbum,
1412 1689 1502 1776 quod
1528 1717 1554 1757 ιι

428 1809 544 1873 dixisti.
581 1808 675 1872 Nunc
697 1810 805 1894 igitur,
828 1809 874 1870 mi
897 1804 1043 1882 domine,
1067 1805 1158 1882 audi,
1181 1819 1220 1868 ut
1241 1805 1359 1890 loquar
1374 1807 1408 1868 in
1426 1805 1502 1893 παῤ-

426 1926 531 2011 inum
554 1921 663 1986 dixisti
678 1920 789 1985 nobis:
814 1923 886 1998 „cui
898 1933 948 1984 est
963 1923 1050 1984 auris
1067 1918 1109 1984 ad
1126 1918 1338 1995 audiendum,
1362 1916 1501 1983 audito.”

426 2037 476 2102 De
506 2034 624 2112 verbo,
667 2032 757 2120 quod
790 2034 897 2098 dixisti
919 2033 1085 2122 Philippo:
1120 2032 1204 2110 „tihi
1233 2045 1266 2098 et
1289 2032 1439 2098 Thomas
1470 2046 1503 2097 et

426 2151 625 2224 Maththaeo,
647 2146 741 2212 vohis
765 2147 869 2212 tribus
893 2146 989 2212 datae
1014 2161 1090 2211 sunt
1109 2169 1168 2235 per
1186 2149 1330 2234 primum
1345 2173 1502 2232 μυστηριιι
1549 2168 1552 2181 ·
1638 2163 1639 2176 ’

428 2261 616 2326 scribendae
638 2283 690 2325 res
715 2283 828 2324 omnes
850 2263 941 2347 regni
963 2261 1109 2338 luminis,
1142 2274 1176 2325 et
1202 2263 1251 2323 uti
1273 2263 1438 2324 testemini
1460 2259 1500 2326 de
1527 2289 1553 2328 rs

426 2375 493 2440 iis.'’
538 2373 625 2439 Audi
649 2376 763 2460 igitur,
795 2387 833 2437 ut
855 2373 1024 2462 proferam
1047 2375 1243 2440 solutionem
1265 2373 1372 2450 verhi,
1403 2397 1503 2459 quam

427 2504 488 2555 tua
509 2492 558 2555 vis
581 2489 711 2552 luminis
734 2496 949 2575 :repromisso
973 2488 1052 2553 olim
1066 2511 1126 2577 per
1141 2489 1303 2576 Moysem:
1327 2487 1501 2565 „Testihus

428 2602 557 2669 duobus
588 2616 645 2667 aut
668 2601 772 2666 trihus
795 2624 847 2666 res
877 2605 982 2667 omnis
1006 2602 1132 2667 stabit.”
1184 2602 1267 2668 Tres
1297 2616 1395 2668 testes
1425 2614 1502 2667 sunt

426 2717 595 2805 Philippus
620 2729 654 2781 et
675 2716 821 2780 Thomas
846 2729 879 2780 et
901 2716 1118 2781 Maththaeus.
1161 2716 1300 2781 Factum
1321 2719 1420 2803 igitur
1443 2728 1500 2791 est,

427 2855 531 2918 qutun
545 2831 634 2896 lesus
658 2830 802 2895 audisset
822 2830 885 2895 hoc
908 2829 1056 2907 verbum,
1080 2829 1174 2896 dixit:
1197 2831 1399 2917 sepeliaris!
1421 2829 1500 2894 haer
1526 2858 1553 2897 ss

427 2960 477 3012 est
499 2947 618 3012 solutio
643 2944 743 3012 verbi.
788 2945 881 3010 Nune
904 2947 1004 3032 igiteu
1026 2959 1078 3021 tu,
1108 2944 1271 3033 Philippe,
1294 2944 1499 3033 progredere,

424 3074 464 3125 ut
485 3061 634 3149 proferas
657 3061 854 3125 solutionem
867 3085 1029 3147 μυστηριιυ
1046 3062 1178 3145 quintae
1200 3085 1360 3146 perseveres
1379 3081 1501 3128 πιπεως

425 3183 545 3262 copres.
589 3173 698 3261 Atque
720 3175 859 3261 posthae
883 3172 968 3250 sede,
991 3187 1030 3237 ut
1053 3172 1173 3238 scribas
1196 3195 1248 3238 res
1272 3195 1395 3249 omnes,
1419 3194 1499 3258 quas

426 3287 541 3365 dicam,
563 3310 669 3374 usque
692 3287 772 3352 dum
788 3288 935 3375 expletus
951 3286 1051 3354 fuerit
1065 3285 1186 3373 αριθμος
1207 3290 1256 3351 ιιιί
1270 3314 1385 3371 perpere,
1410 3285 1500 3372 quod

426 3401 546 3466 scribes
568 3399 676 3466 verhis
699 3403 791 3487 regni
812 3400 952 3464 luminis.
990 3402 1072 3466 Post
1092 3401 1172 3466 haec
1194 3422 1427 3488 progressurus
1450 3399 1498 3464 di·
1524 3428 1551 3466 ss

325 3505 374 3583 72
426 3533 493 3588 res,
528 3535 613 3598 quae
636 3527 732 3578 tuum
755 3539 875 3598 πνευμιι
894 3539 994 3588 venosi.
1039 3523 1124 3591 Πλην
1151 3517 1250 3602 igitur
1276 3537 1363 3579 nuno
1389 3514 1500 3603 proles

424 3623 622 3689 solutionem
637 3651 797 3710 μυστηριιυ
814 3630 947 3714 quintae
964 3653 1124 3710 μιτιινιιιις
1139 3655 1262 3700 mmm
1276 3639 1398 3715 σοφιως.
1435 3628 1499 3692 Re-

424 3738 588 3826 spondens
612 3736 644 3806 δι
665 3739 834 3828 Philippus
858 3740 940 3805 dixit
960 3741 1048 3806 Iesu:
1078 3745 1124 3806 mi
1147 3742 1287 3819 domine,
1311 3742 1397 3807 audi
1441 3740 1500 3805 Di·

423 3874 497 3918 oam
520 3853 717 3920 solutionem
739 3858 808 3920 eius
829 3881 996 3940 μιτιινιιιις.
1042 3856 1118 3922 Tua
1141 3860 1191 3923 vis
1219 3883 1279 3943 γαρ
1299 3865 1501 3943 επριφπιευσι

423 3967 464 4034 ds
493 3991 533 4035 ea
556 3991 616 4056 per
638 3968 800 4034 Davidem
828 3969 907 4035 olim
935 3970 1043 4036 dicens
1071 3974 1106 4036 in
1135 3974 1334 4058 octogesimo
1359 3972 1497 4059 septimo
1523 3995 1554 4035 ar

421 4081 568 4148 Psalmo:
596 4084 770 4162 „Domine,
794 4083 874 4150 deus
898 4107 990 4151 meae
1013 4084 1136 4162 salutis,
1159 4085 1264 4151 clamo
1289 4083 1331 4149 ad
1354 4097 1388 4149 te
1411 4083 1499 4149 diem

423 4209 457 4260 et
478 4211 618 4263 noctem.
663 4198 737 4264 Mea
759 4201 864 4265 oratio
892 4202 1014 4265 intrato
1039 4221 1151 4265 coram
1172 4212 1215 4265 te.
1258 4199 1382 4263 lnelina
1404 4211 1498 4262 tuam

498 4325 566 4487 dwp
596 4329 652 4393 Er.
680 4329 787 4392 Matth.
814 4331 865 4410 18,
889 4330 939 4392 16.
965 4331 1002 4394 ci.
1024 4331 1117 4394 Dent.
1144 4333 1195 4411 19,
1225 4330 1274 4392 15.
1345 4329 1396 4392 26.
1421 4350 1497 4413 quae

422 4428 496 4506 (quo
568 4427 592 4504 ·)
