3254 5340
899 471 965 539 100

389 667 433 720 nt
455 651 628 720 evellerem
650 653 719 717 eius
742 675 880 735 περμι,
911 663 1009 736 atque
1036 662 1076 714 tu
1098 671 1169 715 eras
1198 671 1345 727 meeum,
1376 647 1467 714 adiu·

391 790 476 833 vans
499 789 567 843 me,
603 769 638 829 in
668 769 757 829 omni
788 765 861 829 loeo
890 763 1102 829 circumdedit
1129 787 1182 830 me
1212 779 1309 828 tuum
1338 785 1468 828 nomen.

394 881 520 946 Dextra
548 893 606 942 tua
635 878 777 966 perdidit
806 901 971 944 venenum
1000 877 1105 954 huius,
1136 882 1192 964 qui
1229 878 1306 941 dicit
1336 877 1469 941 malum.

396 993 472 1059 Tua
499 1015 616 1056 manus
646 995 762 1056 stravit
788 995 876 1056 viam
906 995 972 1056 tuis
1000 1016 1121 1058 πιστοις.
1164 991 1343 1056 Redemisti
1373 1013 1428 1055 eos
1452 1011 1470 1055 e

394 1117 516 1193 ταφικ,
540 1118 573 1170 et
594 1106 789 1170 transtulisti
813 1128 868 1170 eos
886 1129 903 1170 e
922 1105 1037 1170 mediis
1056 1103 1280 1169 cadaveribus.
1318 1105 1471 1168 Sumsisti
1512 1129 1525 1168 s

397 1243 473 1286 ossa
495 1234 642 1296 mortua,
669 1219 803 1283 induisti
825 1223 863 1283 iis
887 1247 994 1298 σωμιι,
1021 1233 1055 1283 et
1077 1222 1134 1304 qui
1156 1218 1247 1283 haud
1268 1231 1404 1283 movent
1427 1239 1470 1293 se,

395 1333 515 1399 dedisti
537 1337 575 1397 iis
599 1359 739 1419 ενεργειαν
762 1336 859 1398 vitae.
896 1333 960 1396 Via
979 1347 1037 1397 tua
1060 1332 1147 1396 lacta
1171 1347 1220 1398 est
1242 1335 1394 1420 perniciei
1414 1354 1469 1395 ex·

395 1470 489 1536 pers,
521 1460 620 1532 atque
643 1459 701 1510 tua
725 1446 807 1512 facie
831 1447 952 1510 duxisti
982 1461 1077 1511 tuum
1101 1472 1194 1513 sauro
1223 1450 1257 1510 in
1286 1449 1471 1533 perniciem,

396 1574 437 1624 ut
459 1559 716 1624 dissolverentur
740 1583 853 1625 omnes
877 1573 910 1624 et
932 1559 1049 1624 fierent
1070 1564 1163 1636 novi,
1186 1574 1219 1624 et
1240 1563 1286 1623 uti
1302 1573 1398 1623 tuum
1421 1558 1472 1622 lu-

397 1697 475 1740 men
499 1677 541 1738 sit
564 1673 768 1761 duplicatum
789 1677 827 1739 iis
852 1674 1012 1738 omnibus.
1046 1673 1265 1738 construxisti
1281 1687 1373 1736 tuam
1390 1694 1473 1759 opu·
1501 1698 1527 1739 ιι

400 1789 536 1854 lentiam
553 1810 612 1875 per
628 1811 694 1864 eos,
711 1801 744 1853 et
759 1788 836 1852 sacti
852 1803 929 1852 sunt
942 1788 1166 1852 habitaculum
1179 1787 1354 1852 sanetum.”
1384 1786 1474 1850 llaec

398 1905 514 1988 igitur,
543 1905 590 1965 mi
613 1900 760 1979 domine,
793 1915 841 1967 est
864 1902 983 1966 solutio
1006 1907 1119 1982 ύμνου,
1151 1924 1247 1988 qnem
1269 1901 1357 1965 'dixit
1379 1924 1476 1967 πιστις

400 2027 512 2102 eodm
536 2015 613 2081 audi
636 2018 750 2102 igitur,
774 2015 880 2079 dicam
904 2037 977 2080 eam
999 2018 1146 2101 ingenue.
1191 2014 1352 2091 Verbum,
1384 2012 1475 2100 quod

399 2141 460 2192 tua
481 2131 532 2192 vis
556 2127 638 2192 dixit
659 2151 718 2215 per
742 2129 970 2193 Solomonem:
1000 2129 1092 2210 „Qui
1116 2127 1250 2193 deduxit
1272 2151 1326 2192 me
1349 2150 1367 2192 e
1394 2126 1474 2191 loeis

401 2241 548 2315 excelsis,
573 2262 658 2325 quae
681 2263 779 2331 super
802 2242 942 2316 eaelum,
966 2255 1065 2327 atque
1083 2245 1182 2306 etiam
1196 2240 1316 2306 duxisti
1333 2263 1385 2305 me
1401 2263 1472 2305 sur·
1502 2269 1528 2310 rs

402 2375 476 2418 sum
498 2357 533 2416 in
555 2353 651 2429 locis,
682 2376 765 2440 quae
788 2357 823 2417 in
846 2353 1061 2419 fundamento
1090 2355 1262 2430 inferiori‚”
1293 2359 1402 2442 ipsum
1425 2367 1475 2418 est

289 2456 361 2536 157
400 2468 554 2542 verbum,
585 2467 675 2553 quod
699 2467 779 2531 dixit
807 2494 902 2536 τιστις
927 2479 1039 2556 rodis:
1069 2473 1187 2552 ὐμνευω
1216 2493 1346 2534 sursum
1377 2467 1420 2532 ad
1441 2481 1474 2532 te

400 2582 473 2646 hoc.
519 2582 594 2645 Tuo
620 2595 743 2645 statuto
768 2581 887 2646 duxisti
910 2605 963 2648 me
987 2606 1027 2648 ex
1048 2584 1111 2649 hoe
1135 2611 1214 2649 oron
1244 2582 1386 2659 excelso,
1417 2585 1474 2669 qui

401 2717 500 2782 super
525 2695 665 2770 caelum,
697 2709 730 2761 et
753 2695 873 2760 duxisti
895 2719 948 2762 me
971 2701 1005 2761 in
1027 2723 1133 2766 τοπιυς
1159 2697 1346 2770 inferiores,
1375 2709 1475 2782 atque

402 2811 501 2872 etiam
525 2812 661 2873 servasti
683 2832 735 2875 me
759 2823 818 2874 tuo
843 2824 981 2887 statuto,
1006 2809 1126 2875 duxisti
1149 2835 1203 2876 me
1225 2833 1354 2875 sursum
1369 2812 1404 2872 in
1425 2837 1474 2874 τι·
1500 2838 1529 2879 ιο

401 2947 467 2991 ποις
494 2921 711 2987 inferioribus.
762 2924 807 2988 Et
835 2923 989 3000 verbum,
1022 2925 1112 3010 quod
1138 2938 1199 2988 tua
1226 2928 1276 2990 vis
1306 2923 1387 2988 dixit
1416 2945 1475 3010 per

402 3034 630 3101 Solomonem:
670 3040 752 3123 „qui
776 3037 910 3101 abstulit
931 3038 975 3101 ibi
998 3037 1094 3114 haec,
1124 3061 1210 3124 quae
1239 3042 1274 3102 in
1296 3037 1414 3112 medio,
1444 3049 1477 3100 et

406 3149 518 3214 docuit
532 3173 585 3214 me
602 3151 667 3226 ea‚”
689 3153 799 3238 ipsum
816 3165 865 3216 est
879 3151 1027 3228 verbum,
1051 3152 1141 3237 quod
1157 3151 1239 3216 dixit
1252 3177 1347 3216 τιστις
1362 3159 1475 3237 rodas:

402 3275 502 3349 atque
526 3267 624 3328 etiarn
646 3287 705 3350 per
728 3278 760 3328 te
784 3265 945 3329 abstulisti
967 3271 1058 3342 ὓλην,
1094 3289 1177 3352 quae
1205 3269 1239 3330 in
1266 3265 1374 3329 media
1401 3285 1476 3328 mea

401 3379 450 3451 vi,
474 3389 507 3440 et
528 3376 596 3440 vidi
619 3399 706 3454 eam3
730 3391 829 3463 atque
853 3381 950 3443 etiam
972 3379 1120 3455 verbum,
1144 3379 1234 3465 quod
1257 3393 1314 3444 tua
1329 3382 1378 3443 vis
1396 3377 1477 3442 dixit
1503 3407 1530 3446 ss

402 3509 462 3575 per
493 3487 719 3552 Salomonem:
750 3493 833 3576 „qui
864 3490 1015 3579 dispersit
1037 3515 1128 3557 meos
1150 3496 1297 3558 inimicos
1329 3505 1362 3556 et
1383 3514 1476 3556 meos

403 3597 596 3675 amatistes?
618 3602 726 3687 ipsum
742 3614 792 3664 est
805 3603 960 3680 verbum,
984 3605 1074 3691 quod
1097 3606 1177 3670 dixit
1199 3633 1295 3679 πιστις
1309 3617 1419 3692 codro:
1443 3617 1476 3670 et

401 3724 441 3774 tu
471 3733 518 3787 εε,
558 3716 614 3796 qui
649 3711 828 3801 dispersisti
858 3739 878 3780 a
908 3740 961 3783 me
991 3720 1145 3804 πριβιλας
1174 3743 1287 3786 omnes
1319 3719 1475 3794 eulodius,

403 3849 488 3913 quae
512 3825 701 3914 affligebant
721 3851 784 3906 me,
809 3843 842 3893 et
865 3853 949 3916 quae
973 3847 1066 3897 erunt
1087 3836 1207 3898 inimici
1230 3836 1323 3912 mihi,
1347 3847 1379 3899 et
1400 3855 1476 3897 ver·

401 3938 499 4018 bum,
531 3942 621 4028 quod
643 3956 702 4006 tua
724 3946 773 4008 vis
803 3944 899 4008 dixit:
931 3949 1007 4032 „qui
1032 3945 1121 4010 dedit
1143 3949 1221 4011 mihi
1246 3971 1340 4012 suam
1363 3955 1476 4032 σοφιην
1502 3972 1530 4013 s·

403 4075 502 4144 super
516 4057 648 4124 vincula
666 4056 709 4122 ad
725 4057 882 4124 solvenda
905 4060 976 4138 ea,''
1004 4062 1114 4148 ipsum
1137 4075 1187 4126 est
1209 4062 1362 4138 verbum,
1385 4058 1478 4148 quod

486 4303 515 4363 8.
541 4315 592 4366 tue
614 4307 687 4368 lucie
708 4308 816 4369 duxisti
838 4313 901 4388 (tue
921 4309 1018 4372 saciet.
1051 4311 1172 4372 Duxisti
1195 4312 1232 4373 es.
1254 4311 1329 4374 infre
1356 4335 1386 4394 p.
1403 4311 1475 4373 lot.

403 4400 424 4462 l.
439 4400 470 4461 3.
487 4399 517 4461 6.
540 4403 588 4480 P.)
650 4407 701 4465 10.
725 4407 907 4489 duplicatum
929 4409 1165 4490 <fundamentum
1187 4412 1238 4492 P.)
