3240 5328
946 457 1014 524 est

446 649 594 705 montem
610 635 782 704 Galilaeae.
821 637 994 725 Pergentes
1018 635 1125 702 adhue
1139 633 1272 722 μιθηιιιι
1292 639 1410 725 precati
1427 649 1492 700 sant

446 775 537 819 eum:
562 773 734 840 quousque
756 753 854 838 igitur
869 750 958 817 haud
981 750 1085 816 fecisti
1107 754 1227 817 remitti
1242 763 1353 816 nostra
1370 762 1491 838 peecata,

447 889 531 952 quae
555 869 775 930 commisimus
799 879 832 930 et
854 879 983 930 nostras
1007 864 1153 945 assasse?
1176 878 1209 930 et
1231 862 1345 930 reddes
1362 885 1415 927 nos
1433 861 1489 950 dig-

446 1003 507 1046 nos
530 983 620 1066 regni
642 983 691 1044 tui
713 979 837 1067 patris?
882 979 972 1044 lesus
995 977 1026 1045 ds
1048 977 1204 1044 diuitiis:
1228 982 1308 1061 siper
1325 977 1391 1042 dieo
1406 976 1491 1052 robis,

448 1121 481 1160 ου
502 1121 589 1178 μονον
612 1115 665 1159 me
687 1094 854 1178 redeptores
875 1107 986 1159 vestra
1015 1105 1163 1182 peecata,
1194 1105 1285 1157 ιιλλο,
1313 1090 1514 1156 redditurums

448 1229 518 1273 esse
541 1231 600 1272 vos
625 1207 737 1293 dignos
761 1229 861 1292 regno
891 1210 956 1272 mei
985 1209 1088 1294 patris
1118 1219 1151 1271 et
1179 1228 1232 1271 me
1263 1205 1411 1271 daturum
1437 1225 1492 1268 esse

446 1320 541 1386 vobis
564 1345 722 1405 μυστηριον
744 1323 943 1386 remissionis
966 1335 1177 1408 peecatorum
1205 1322 1241 1384 in
1257 1333 1368 1409 terra,
1395 1331 1429 1382 ut
1453 1319 1493 1380 sui

383 1457 417 1495 κ,
446 1436 635 1498 remiseritis
657 1436 692 1500 in
714 1447 812 1511 terra,
834 1437 1004 1500 remittant
1027 1437 1064 1498 ei·
1078 1438 1114 1498 in
1136 1434 1243 1510 eaelis,
1266 1447 1300 1498 et
1321 1453 1412 1520 quem
1430 1431 1493 1516 liga·

446 1550 559 1613 veritis
581 1550 616 1612 in
638 1561 736 1624 terra,
759 1546 908 1635 ligandus
932 1550 974 1614 sit
996 1551 1030 1612 in
1054 1548 1158 1612 caelis.
1204 1546 1300 1613 Dabo
1322 1545 1409 1612 vobis
1428 1567 1493 1627 μυι-

446 1688 538 1744 tapam
560 1663 651 1748 regni
673 1662 854 1739 saelorum,
882 1675 921 1727 ut
946 1684 1007 1727 vos
1031 1683 1165 1749 quoque
1195 1660 1322 1727 faciatis
1348 1683 1385 1725 ea
1408 1659 1528 1722 homi-a

334 1770 408 1849 375
448 1775 554 1840 nibus.
591 1774 681 1840 lesus
697 1773 728 1841 ds
752 1773 833 1840 dixit
853 1777 908 1842 iis:
932 1775 1057 1841 adferte
1080 1775 1160 1840 mihi
1181 1778 1292 1862 ignem
1307 1789 1339 1840 et
1358 1773 1494 1862 palmites

447 1889 676 1978 Adportarunt
699 1911 754 1954 eas
775 1891 839 1954 isti.
875 1888 1050 1977 Imponens
1070 1899 1255 1975 τρισφοροιν,
1276 1891 1383 1978 posuit
1402 1907 1495 1973 appas

423 2003 516 2082 adun
536 2006 604 2069 vini
628 2027 730 2068 unum
754 2003 796 2068 ad
817 2002 966 2069 dextram
989 2017 1022 2068 et
1036 2003 1177 2069 alterum
1193 2003 1237 2068 ad
1255 2006 1410 2068 sinistram
1423 2023 1494 2083 rpor-

449 2128 555 2204 φορις.
591 2118 707 2184 Posuit
729 2126 901 2203 προσφιριιν
917 2139 1027 2182 eoram
1049 2120 1103 2195 iis3
1125 2121 1240 2205 posuit
1263 2118 1389 2182 calicem
1408 2131 1494 2200 aquae

448 2245 523 2296 ante
546 2254 605 2297 vas
628 2235 711 2309 vini,
740 2231 830 2318 quod
853 2231 896 2296 ad
918 2232 1082 2308 dextram,
1110 2245 1146 2296 et
1167 2235 1281 2320 posuit
1302 2231 1424 2295 salicem
1441 2225 1527 2292 vinis

449 2357 523 2409 ante
545 2366 604 2408 vas
627 2346 708 2421 vini,
737 2343 828 2430 quod
851 2344 893 2409 ad
917 2348 1096 2422 sinistram,
1124 2359 1158 2410 et
1182 2349 1298 2433 posuit
1317 2365 1411 2434 panes
1429 2364 1495 2406 aare

433 2481 623 2524 ¹numerum
654 2456 793 2544 μαθητων
826 2461 861 2522 in
890 2457 1000 2524 medio
1037 2459 1183 2524 calicum.
1244 2460 1358 2525 Posuit
1388 2455 1494 2521 calicem

414 2637 418 2642 .
449 2595 554 2658 aquae
576 2567 654 2661 post
674 2594 784 2659 panes.
829 2572 926 2637 Stans
949 2572 1139 2640 Iesusante
1159 2584 1333 2663 προσφορων
1354 2567 1494 2636 constitnit

414 2739 418 2748 .
447 2686 587 2770 pedores
612 2699 689 2771 post
718 2707 753 2750 se
781 2683 914 2750 indutos
946 2709 1060 2752 omnes
1089 2686 1236 2754 vestibus
1268 2688 1384 2762 linteis,
1408 2679 1493 2770 dada·

447 2801 589 2864 nominis
611 2801 713 2887 patris
736 2797 881 2883 daraopso
904 2800 1034 2866 luminis
1055 2801 1213 2869 habentes
1231 2805 1267 2868 in
1283 2805 1346 2868 suis
1361 2794 1526 2864 manibus·

450 2913 657 2978 Exclamavit
676 2913 741 2978 hoe
763 2913 863 2978 modo
888 2905 1010 2980 dicens:
1040 2915 1117 2980 audi
1140 2938 1208 2993 me,
1231 2919 1280 2982 mi
1301 2929 1401 3002 pater,
1420 2921 1494 3000 pater

447 3031 652 3115 paternitatis
681 3031 800 3104 omme,
829 3054 988 3113 strepentes·
1010 3030 1137 3095 lumen:
1167 3039 1224 3098 ἴω
1249 3039 1332 3098 ilum·
1353 3035 1417 3094 ἴω·
1439 3025 1493 3088 etl'

375 3155 401 3197 ‘a
449 3150 504 3208 eriis
528 3139 663 3228 ψινωθερ.
691 3139 828 3229 deperdat·
854 3140 964 3230 ωψιθιρ
990 3143 1182 3231 νεφθομιιωθ·
1208 3141 1390 3234 supraposui·
1411 3159 1494 3222 me·

447 3253 576 3340 χιιχθιι·
594 3253 824 3340 μιιρμιιριχθιι·
844 3278 1082 3342 inorepaturus·
1106 3266 1283 3342 αμανηΐτου
1297 3275 1417 3346 supatru·
1434 3251 1498 3335 aspri

449 3373 530 3456 ἀμην
549 3375 644 3456 ἀμην·
669 3369 848 3447 σουβιιϊβαί·
861 3391 1008 3438 esseest·
1031 3374 1121 3456 ἀμην·
1142 3375 1238 3456 ἀμην·
1263 3373 1398 3459 drpaaper
1411 3363 1526 3434 drale!

448 3487 530 3565 ἀμην
551 3489 648 3567 ἀμην·
674 3510 887 3570 ratapraprsv
910 3489 1000 3572 ἀμην,
1025 3489 1119 3571 alpem·
1146 3514 1307 3572 κουκιιμιν
1325 3492 1406 3572 patei·
1422 3483 1493 3564 alpii

447 3597 538 3678 ἀμην·
557 3604 616 3662 itt·
635 3603 696 3661 ilai·
715 3623 814 3664 rever
828 3601 909 3684 epm
927 3603 1008 3680 datar
1021 3604 1102 3684 ἀμην
1118 3604 1208 3681 ἀμην·
1231 3619 1393 3686 aaronem·
1409 3606 1493 3681 μαρῆ·

446 3731 546 3795 papst·
563 3711 643 3792 ἀμην
662 3710 744 3795 draeo
761 3712 852 3798 ἀμην.
881 3711 969 3777 Audi
984 3736 1046 3791 me,
1061 3719 1107 3780 mi
1121 3728 1224 3802 pater,
1239 3729 1334 3803 pater
1344 3708 1494 3802 patermu-

334 3816 409 3896 376
447 3826 693 3890 tum-omnium.
722 3833 870 3894 Επιιιιιλω
884 3849 945 3894 vos
962 3851 1095 3915 quoque
1108 3832 1298 3894 remissores
1313 3835 1494 3916 peccatorum

446 3938 659 4028 καθαριζοντιις
678 3965 813 4024 assatas.
857 3941 998 4008 Remitte
1020 3955 1155 4030 peecata
1175 3941 1291 4031 doixosa
1312 3944 1425 4008 horum
1442 3945 1527 4018 pv!

449 4054 546 4131 θητων,
570 4066 759 4120 secutorum
780 4077 843 4132 me,
866 4070 901 4121 et
921 4056 1094 4144 καθαριζιτι
1116 4079 1192 4123 suas
1213 4080 1353 4140 ωομιωις
1374 4047 1493 4120 reddatis

450 4189 506 4233 eos
531 4167 645 4255 dignos
666 4168 781 4235 referri
802 4173 838 4234 in
859 4193 997 4258 regnum
1019 4175 1084 4236 mei
1107 4175 1218 4260 patris.
1255 4173 1353 4238 Pater
1372 4167 1494 4244 incestet

448 4279 594 4359 luminis,
622 4283 712 4369 quod
736 4288 837 4349 secuti
861 4299 1012 4351 suntme
1036 4299 1069 4351 et
1091 4284 1310 4353 observarunt
1330 4303 1414 4350 meas
1434 4297 1492 4342 mo·

449 4403 518 4464 λιι.
555 4393 649 4459 Nune
671 4400 779 4484 igitur,
802 4402 847 4464 mi
862 4414 965 4488 pater,
987 4413 1084 4489 pater
1100 4403 1303 4488 paternitatis
1325 4397 1431 4468 omnis,
1449 4403 1493 4453 Vt·

451 4509 566 4576 niunto
581 4511 771 4580 remissores
785 4527 1005 4602 peccatorum,
1028 4535 1171 4606 queam
1189 4517 1322 4586 nondna
1335 4521 1407 4582 siut
1418 4504 1492 4575 haee:
